3931 4906
1660 432 1755 532 D
1824 431 1900 529 E
1972 434 2062 533 D
2139 432 2214 533 1·
2256 429 2345 529 C
2423 429 2516 524 A
2582 420 2686 527 T
2753 422 2795 522 1
2873 418 3003 521 0'.

1161 592 1595 703 ciendam
1645 676 1675 724 ‚
1768 638 1986 703 cum
2044 610 2299 706 enim
2346 635 2459 701 ea
2491 604 2598 719 in
2639 595 3001 698 mundo
3044 591 3287 703 Tibi
3329 594 3514 700 iinss

1162 741 1467 882 pofita
1510 741 1900 882 persona
1942 740 2130 867 est,·
2225 776 2433 885 quae
2479 744 2873 839 minime
2916 734 3228 879 potest
3279 740 3509 841 late'-

1160 916 1266 982 te
1296 957 1326 1004 ,
1397 912 1601 981 tum
1645 919 1875 983 vero
1909 889 2028 983 iis
2074 915 2166 984 te
2215 913 2549 983 natura
2589 875 2968 979 do‘tibus
3015 873 3506 999 instruxit,

998 1013 1006 1021 ’
1106 1024 1143 1044 “’
1233 1058 1371 1120 uae
1396 1052 1492 1121 te
1516 1024 1876 1122 clarum
1904 1021 2372 1143 facerent,
2414 1016 2799 1120 filatere
2820 1016 3141 1119 velles,
3196 1020 3510 1159 Quod

1163 1057 1231 1263 ἓ
1276 1166 1567 1295 igitur
1612 1162 1708 1259 id
1752 1196 2031 1297 agere
2073 1199 2263 1302 prae
2312 1197 2466 1260 me
2489 1157 2832 1258 ferrem
2860 1231 2890 1276 ,
2957 1189 3069 1256 ut
3090 1189 3292 1258 tuas
3321 1162 3509 1258 vir-

1159 1330 1409 1400 tutes
1457 1330 1913 1440 tuamque
1955 1307 2052 1399 in
2097 1301 2372 1400 sacris
2423 1293 2700 1399 rebus
2747 1295 3364 1399 assiduitatem
3409 1333 3508 1429 af

1157 1440 1310 1539 liis
1355 1436 1833 1536 declarare
1865 1437 2428 1573 aggrederer
2451 1512 2480 1560 ‚
2557 1441 2869 1574 primo
2894 1434 3282 1573 quidem
3306 1472 3508 1538 rem

1159 1609 1543 1713 agerem
1630 1580 2071 1676 inutilem
2138 1574 2380 1677 nihil
2450 1573 2874 1676 dicendo
2923 1576 3438 1715 quicquam
3473 1652 3505 1700 ,

1156 1714 1423 1857 quod
1490 1751 1684 1813 non
1752 1753 2015 1857 aeque
2081 1752 2192 1817 ac
2246 1728 2429 1852 ego
2474 1716 2635 1817 alii
2681 1721 3177 1850 cognitum
3218 1747 3506 1857 atque

1060 1960 1083 1981 ‚
1155 1854 1761 1992 exploratum
1832 1852 2302 1976 habeant,
2393 1854 2731 1969 deinde
2796 1860 3088 1955 etiam
3152 1862 3505 1956 merito

1153 2016 1583 2115 vererer',
1652 2027 1772 2093 ne
1813 2030 2029 2096 mea
2063 1995 2181 2097 de
2206 2025 2299 2095 te
2323 1999 2638 2093 oratio
2662 1993 2949 2128 longe
2971 1992 3217 2097 infra
3241 2023 3505 2097 tuam

1155 2131 1720 2267 dignitatem
1749 2149 2036 2275 atque
2056 2136 2398 2232 merita
2417 2128 2960 2257 subsideret.
3257 2216 3267 2239 ,
3351 2266 3358 2273 .

1084 2274 1094 2283 ’
1256 2288 1264 2295 ’
1292 2270 1769 2373 Nondum
1792 2282 1952 2375 Te
1977 2270 2222 2372 facie
2251 2301 2589 2370 notum
2612 2266 3087 2372 habebam
3109 2345 3139 2392 ,
3205 2308 3504 2415 quan-

1154 2410 1284 2526 do
1350 2415 1759 2513 nominis
1823 2414 1961 2536 tui
2029 2407 2524 2511 celebritas
2588 2444 2744 2511 me
2793 2405 3503 2515 Amstelaedami

1154 2577 1596 2681 agentem
1642 2547 1758 2649 ad
1801 2551 2331 2690 Templum
2377 2559 2516 2652 ire
2557 2546 3170 2694 impellebar,
3235 2554 3503 2695 quod

1151 2697 1312 2789 Te
1358 2687 1526 2786 illa
1567 2684 1806 2787 hora
1849 2721 2331 2792 oratorem
2355 2688 2979 2830 exspestabat.
3051 2688 3500 2797 Tenebat
3539 2787 3546 2793 .

1150 2859 1323 2932 me:
1354 2857 1560 2951 tum
1608 2836 2066 2967 temporis
2111 2837 2437 2966 ingens
2483 2836 2642 2935 Te
2681 2827 3067 2932 videndi
3109 2831 3512 2935 audien.-

1046 3043 1055 3052 κ
1148 2963 1445 3107 dique
1501 2964 2061 3069 desiderium
2114 3045 2141 3092 ,
2252 2972 2636 3113 quand'o
2697 2972 3087 3073 tandem
3153 2978 3314 3075 Te
3378 3011 3498 3077 ex

1145 3099 1583 3240 suggesto
1627 3105 2254 3243 assurgentem
2301 3108 2739 3252 conspexi
2778 3185 2808 3233 ,
2901 3106 3227 3253 postea
3265 3110 3496 3217 vero

1151 3270 1517 3344 textum
1562 3246 1873 3348 audivi
1914 3250 2584 3388 praelegentem
2608 3252 3436 3394 explicantemque
3457 3330 3489 3377 ,

1149 3386 1315 3522 qui
1361 3391 1715 3518 primus
1752 3422 1955 3489 erat
1975 3389 2725 3531 quinquagesimi
2751 3403 2845 3489 &
2872 3397 3127 3491 tertii
3152 3397 3490 3532 capitis

1145 3517 1470 3658 Jesaiae
1529 3516 1909 3628 stichus,
1993 3535 2253 3631 Non
2294 3530 2613 3656 dicam
2655 3565 2811 3631 me
2852 3531 3027 3632 illo
3055 3561 3490 3673 tempore

1144 3656 1687 3760 facundiam
1722 3733 1748 3783 ‚
1803 3672 2392 3799 'gravitatem
2436 3697 2721 3811 atque
2767 3672 3338 3809 elegantiam
3389 3681 3489 3776 in

982 3809 999 3822 ’
1148 3796 1557 3900 dicendo
1578 3807 1679 3904 in
1701 3809 1858 3912 Te
1883 3801 2150 3912 fuiffe
2182 3809 2752 3913 admiratum
2777 3886 2808 3937 ,
2833 3825 2926 3914 &
2955 3809 3251 3916 fihaec
3273 3819 3487 3916 satis
3535 3912 3564 3926 ,

1492 3977 1495 3980 ’
1549 3974 1553 3978 ’
3228 3984 3493 4057 erant
