3931 4906
1394 524 1399 529 ,
1684 370 3022 531 DED1CATio:

1185 596 1320 704 fio
1363 597 1547 703 fuit
1588 600 2073 738 Ligtfooti
2116 601 2785 736 densynagoga
2814 580 3528 734 atqueinde'de4

1180 740 1470 842 ducta
1531 740 1969 882 Episcopi
2022 740 2700 841 curn-nominis
2747 764 2951 832 tum
2995 731 3289 835 officii
3329 739 3526 834 <iri-

1066 975 1072 982 .
1183 884 1406 1015 gine
1484 878 2163 1019 suppositiones
2240 908 2617 976 mecum
2681 870 3169 1010 repetendi
3236 903 3524 1012 atquc

1184 1017 1730 1151 diligentius
1820 1018 2450 1119 examinandi.
2612 1009 2936 1151 Quod.
3006 1006 3172 1110 ubi
3268 1008 3455 1110 feci
3485 1084 3518 1132 ‚

1181 1156 1431 1255 adeo
1489 1153 1732 1256 mihi
1797 1153 2196 1259 illustria
2258 1150 2686 1292 epitheta
2743 1142 3162 1249 Ministri
3226 1157 3522 1285 Syna-

1180 1330 1455 1431 gogae
1529 1292 1567 1427 (
1590 1291 1817 1392 hinc
1844 1300 2103 1391 enim
2126 1296 2561 1430 Episcopi
2587 1321 2939 1385 nomen
2961 1284 3522 1418 Ligtfootus‘
3609 1332 3617 1339 ·

1180 1430 1592 1567 arceffit)
1671 1438 1767 1529 in
1810 1427 2127 1532 Libris
2174 1425 2801 1531 Hebraeorum
2831 1420 3215 1521 obviam
3241 1460 3521 1526 vene..

1177 1602 1399 1670 runt
1424 1640 1451 1689 ‚
1504 1601 1628 1668 ‘ut
1669 1568 1869 1669 fere
1914 1605 2152 1668 meae-
2191 1574 2520 1689 inanus
2565 1555 3087 1664 ministerio
3109 1557 3273 1669 hic
3294 1568 3518 1670 Viri

1176 1709 1466 1842 longe
1510 1707 1973 1809 clarissimi
2015 1744 2280 1809 error
2321 1697 2634 1807 fuiffet
2671 1738 2847 1842 pro
2971 1731 3277 1835 gatus.
3345 1706 3520 1806 Er-

1176 1882 1497 1946 rorem
1596 1880 1848 1947 nunc
1936 1846 2158 1947 dico
2251 1844 2498 1945 hanc
2579 1846 2814 1975 Ligt
2859 1845 3067 1939 ooti
3149 1826 3518 1943 senten-
3695 1926 3706 1937 .

1177 1990 1409 2083 tiam
1447 2059 1474 2105 ‚
1545 1980 2046 2127 postquam
2088 1985 2352 2115 iliam
2396 2020 2573 2125 pro
2616 1984 2940 2080 errore
2976 1974 3515 2125 habendam
3621 2060 3628 2067 -

1170 2117 1324 2223 eff
1304 2160 1363 2222 e
1399 2121 2019 2223 crescentibus
2041 2129 2307 2222 omni
2331 2121 2484 2221 dic
2508 2127 2607 2217 in
2629 2123 3209 2217 contrarium
3236 2153 3515 2254 argu..

1171 2268 1512 2361 mentis
1557 2256 2244 2380 demonstravi,
2318 2264 2431 2359 iis
2474 2262 2765 2357 etiam
2807 2289 3002 2355 non
3023 2254 3514 2359 diffitenti-
3657 2286 3712 2369 g

1173 2396 1345 2498 bus
1373 2473 1400 2517 ,
1471 2403 1634 2541 qui
1680 2400 1799 2498 ad
1844 2388 2457 2534 Ligtfobturn
2503 2393 3196 2496 defendendum
3219 2433 3512 2546 quarn

1171 2532 1551 2638 filiffent
1594 2538 2160 2678 paratiffimi.
2233 2531 2749 2638 Atridebat
2767 2569 2998 2633 vero
3021 2569 3242 2642 cum
3266 2568 3512 2639 tem..

1170 2712 1407 2814 pore
1467 2682 1768 2813 magis
1835 2709 2122 2819 atque
2185 2667 2486 2811 magis
2551 2678 2935 2782 Veteris
2982 2681 3508 2814 Synagogae

1168 2814 1459 2916 facies
1484 2885 1513 2938 ‚
1582 2821 1899 2954 prouti
1924 2852 2175 2917 nunc
2201 2816 2501 2921 oculis
2524 2818 2759 2914 meis
2780 2810 3452 2950 obversabatur
3472 2889 3503 2939 ,

1169 2989 1282 3056 ca
1352 2957 1455 3054 to
1500 2961 1791 3056 etiarn
1835 2953 2231 3055 confilio
2276 2956 2392 3056 de
2415 2952 2908 3088 vulgandis
2932 2950 3508 3057 observatio-

1164 2989 1496 3215 nitens,
1581 3092 1999 3234 quasad
2060 3093 2332 3193 *illam
2374 3089 3022 3195 illustrandam
3063 3099 3165 3196 in
3204 3133 3505 3200 unum

1167 3265 1721 3366 coegeram.·
1799 3238 1952 3333 Sic
1993 3230 2351 3362 factum
2394 3225 2573 3351 'est3
2651 3243 2748 3333 Ec
2791 3240 3250 3373 quoniam
3291 3233 3510 3338 haec

1165 3370 1695 3508 scriptionis
1752 3398 1986 3473 meae
2027 3408 2240 3513 pars
2285 3381 2386 3473 in
2423 3369 2998 3471 conferenda
3019 3369 3502 3505 dignitate

1169 3506 1840 3614 Praefectorum
1886 3520 2414 3650 Synagogae
2431 3544 2654 3613 cum
2677 3544 2791 3610 ca
2811 3508 3499 3649 Episcoporum

1164 3644 1599 3748 Ecclefiae
1625 3644 2188 3752 Christianae
2208 3646 2790 3771 versabatur,
2827 3643 3520 3784 Archisymgo...
3587 3778 3596 3783 ἠ

1068 3789 1073 3794 ’
1144 3820 1320 3920 gns
1362 3787 1857 3931 inscriptus
1898 3784 2037 3891 est
2072 3786 2312 3893 liber
2337 3864 2368 3916 ‚
2412 3803 3080 3894 non‘meotum
3104 3790 3520 4032 quidffi.

2179 3977 2192 3986 .
2397 3961 2406 3972 .
2811 3961 2824 3968 -
3277 4008 3292 4022 „
3380 3964 3433 4030 e
