3931 4906
883 379 2792 551 eTIOSIDECEM.¹89

455 581 1030 669 recitandarum
1062 566 1352 671 officia.
1416 585 1577 670 Sed
1594 586 1785 670 verb
1808 585 1999 673 huic
2019 586 2374 669 usui1non
2396 576 2800 665 sufficiunt

455 694 537 773 in
581 694 1022 809 Synagogis
1065 693 1405 807 quinque
1427 758 1462 792 ,
1498 689 1806 804 septem
1830 757 1860 793 ,
1918 698 2083 779 0530
2115 691 2378 800 Otiosi
2440 693 2511 776 F
2511 688 2796 771 acilio·
2939 690 2944 699 ’

449 828 620 884 rem
656 806 1040 913 equidem
1079 802 1339 889 facere
1359 804 1674 917 poss‘ent
1695 807 2060 916 quinque
2078 803 2211 888 sex
2232 805 2533 921 septem
2555 792 2817 901 Otiosi

450 936 554 995 ex
742 915 1094 997 ationem
1128 913 1342 999 illius
1364 969 1390 1011 ‚
1460 916 1607 1026 qui
1636 913 1872 997 serius
1903 915 2326 999 accedebat
2349 967 2377 1008 ,
2431 909 2567 992 sed
2600 909 2797 990 vere

384 1029 389 1034 ’
453 1039 549 1100 to
609 1046 739 1104 ere
776 1024 1388 1113 incommodum
1421 1024 1753 1107 minime
1789 1043 2186 1133 poterant.
2246 1020 2579 1104 Credin’
2603 1016 2802 1100 veri)

455 1126 791 1219 veteres
832 1132 1272 1231 Hebraeos,
1340 1132 1402 1216 fi
1442 1159 1801 1244 unquam
1840 1132 1954 1213 ita
1991 1132 2247 1240 inepti
2273 1125 2608 1209 ‘filerunt
2629 1180 2656 1220 ,
2709 1141 2804 1203 ut

457 1232 722 1320 decem
757 1234 1102 1323 homiues
1139 1305 1175 1339 ,
1264 1237 1569 1348 defidiae
1607 1250 1687 1325 &
1729 1239 2075 1353 ignavie
2109 1236 2609 1322 consecratos
2631 1288 2658 1330 ,
2716 1232 2805 1314 in

455 1347 882 1473 synagoga
899 1350 1234 1433 aluerin't
1253 1407 1282 1449 ,
1335 1380 1380 1432 a
1401 1351 1693 1462 quibus
1715 1373 1980 1431 tamen
1999 1345 2529 1429 commodum
2550 1399 2579 1440 ‚
2605 1342 2812 1424 licet

358 1474 365 1479 “
452 1482 837 1570 exiguum
877 1514 904 1556 ,
981 1458 1287 1542 haurire
1328 1480 1698 1571 poterant
1728 1515 1756 1555 ,
1830 1485 1933 1540 eo
1970 1456 2223 1571 usque
2258 1454 2500 1538 etiam
2540 1453 2804 1534 otium
2929 1472 2944 1479 “

451 1584 589 1648 aut
626 1568 1023 1678 ignaviam
1064 1570 1349 1652 amass‘e
1382 1624 1410 1666 ‚
1480 1588 1767 1651 uttres
1810 1623 1837 1663 ,
1892 1586 2310 1677 quatuor,
2379 1561 2803 1675 quinque:

455 1672 769 1780 Otiosbs
822 1676 1300 1761 instituerint
1340 1734 1367 1776 ,
1451 1677 2018 1761 incommodo.
2043 1672 2414 1758 tollendo
2471 1672 2808 1756 minime
2903 1700 2908 1707 ·

442 1811 673 1897 pares
718 1797 767 1866 ἓ.
822 1786 985 1868 Sed
1039 1807 1554 1897 torqueamus
1609 1786 1839 1868 idem'
1884 1785 2076 1879 hoc·
2107 1802 2668 1895 argumentum
2701 1776 2822 1890 ad,

453 1894 686 1977 aliam
730 1915 1059 2006 partem.
1141 1895 1228 1977 Si
1273 1894 1589 2001 Otiostn
1624 1897 1728 1977 ad
1770 1894 1857 1976 id
1878 1895 2277 1977 institutos
2297 1893 2457 1989 εἰς,
2511 1910 2605 1977 ut
2625 1884 2806 1972 offi-

455 2004 578 2084 cia
598 2030 926 2113 precum
948 2059 973 2098 ,
1030 2002 1266 2085 asero
1284 2004 1780 2086 venientibus
1800 2003 2380 2084 recitandarum
2398 2057 2425 2097 ,
2468 2003 2808 2107 juvent,

456 2110 590 2192 dic
614 2166 642 2206 ,
699 2136 841 2193 cur
881 2107 1139 2190 decem
1178 2108 1492 2216 otiosts
1530 2111 1946 2195 sustentare
1969 2110 2424 2192 voluerint?
2489 2111 2810 2218 Utique

364 2220 371 2228 ’
456 2216 946 2301 sufficiebant
984 2244 1287 2301 novem.
1347 2221 1437 2303 Si
1478 2220 1661 2331 quis
1677 2220 1893 2300 enim
1914 2218 2152 2301 serius
2171 2236 2308 2299 aut
2327 2218 2562 2299 citius
2583 2243 2810 2297 acce-

457 2327 731 2425 deret,
843 2342 1029 2411 nam
1071 2356 1212 2439 par
1251 2349 1416 2413 erat
1436 2384 1464 2425 ‚
1521 2332 1584 2413 is
1626 2328 1797 2440 ipse
1838 2323 2182 2410 decimus
2211 2344 2379 2410 erat
2397 2343 2642 2435 atque
2664 2351 2811 2407 nu-

456 2426 764 2523 m'erum
836 2439 1242 2551 upplebat.
1307 2439 1394 2525 N
1404 2467 1617 2552 eque
1655 2439 1867 2522 enim
1912 2433 2265 2522 undecim
2302 2434 2811 2549 requireban·

456 2567 589 2644 tur
624 2548 779 2652 sed,
800 2546 1080 2632 decem.

566 2659 943 2770 Denique
984 2659 1142 2742 hoc
1182 2658 1686 2771 summopere
1724 2658 1990 2744 mirari
2014 2655 2269 2756 subit,
2325 2683 2468 2741 cur
2487 2655 2635 2741 hos
2657 2655 2810 2737 hoa

324 2837 329 2848 .
454 2768 705 2853 mines
747 2765 1007 2850 decem
1047 2769 1078 2849 i
1127 2796 1399 2851 navos·
1423 2780 1505 2854 &
1549 2766 1843 2876 desides
1865 2773 1946 2851 in
1969 2769 2021 2850 S
2081 2795 2288 2880 nago
2408 2768 2564 2850 esse
2579 2764 2808 2877 velita·

460 2877 637 2959 Sint
682 2876 982 2984 Otiosi,
1056 2797 1213 2961 ξος
1250 2879 1412 2975 est,
1467 2905 1513 2958 a
1548 2882 1754 2964 curis
1795 2905 1992 2961 mun
2099 2879 2217 2959 nis
2293 2877 2522 2960 oluti.
2601 2874 2816 2973 Non

459 2984 790 3093 negabo,
852 2985 1036 3067 Sint
1074 2988 1297 3069 omni
1319 2985 1774 3069 die&hora
1790 2988 1875 3070 in
1898 2987 2345 3099 Synagoga.
2404 2984 2493 3067 Si
2511 2985 2625 3065 ita
2643 2983 2813 3093 pla-

463 3112 593 3174 cet
612 3146 641 3187 ,
696 3092 785 3172 id
826 3119 1034 3173 nunc
1077 3123 1243 3177 non
1289 3094 1720 3203 disputabo
1748 3151 1776 3194 ‚
1833 3124 1929 3178 ne
1994 3124 2096 3177 ue
2135 3093 2504 3175 concedo
2521 3109 2814 3174 tamen.

462 3198 644 3296 Sint
676 3197 850 3281 usui
887 3199 1057 3282 sero·
1092 3204 1196 3284 ad
1228 3202 1718 3313 precandum
1738 3230 1875 3286 acc
1984 3204 2324 3285 entibus.
2388 3203 2585 3284 Hoc
2667 3223 2816 3282 uo-

462 3336 628 3420 que
664 3307 969 3422 largiar.
1049 3311 1225 3394 Sed·
1250 3337 1425 3422 quo
1452 3310 1634 3420 jure
1669 3311 1766 3392 iis
1807 3333 2193 3502 nzgantur
2221 3308 2492 3392 officia
2511 3312 2593 3396 in
2672 3337 2818 3423 yn-

460 3420 741 3531 πρεείς
783 3418 1268 3531 praestanda?
1328 3420 1527 3504 Hoc
1566 3420 1779 3502 enim
1822 3447 1867 3501 a
1964 3447 2110 3503 nos
2153 3419 2522 3531 pertinet.
2590 3421 2818 3504 Cum

462 3533 565 3624 τῦ
603 3531 717 3634 ἷῐΠ
761 3527 1205 3643 (Ministro
1232 3530 1679 3658 Synagogae
1700 3557 1887 3614 cura
1909 3531 2355 3645 Synagogae
2381 3529 2476 3613 fit
2494 3531 2818 3614 deman-

459 3637 691 3736 data,
748 3664 936 3723 cum
979 3641 1043 3726 is
1084 3665 1311 3726 omni
1349 3640 1485 3724 die
1521 3648 1606 3726 &
1645 3635 1842 3724 hora
1870 3643 2315 3768 Synagogae
2339 3641 2660 3753 negotia
2678 3640 2820 3725 de-

462 3747 643 3831 beat
676 3777 1107 3861 procurare
1143 3771 1226 3836 at
1288 3771 1391 3836 ue
1430 3751 1620 3835 hinc
1644 3771 1944 3835 tantam
1965 3752 2126 3835 ἀίει
2150 3771 2454 3863 partem
2478 3808 2505 3849 ,
2564 3781 2820 3862 quan-

464 3873 628 3944 tam
668 3880 759 3945 tu
800 3861 1109 3952 otiosis
1146 3893 1231 3951 as
1264 3889 1482 3978 tgnas
1512 3916 1542 3963 ,
1610 3862 2164 4055 invisynagoga
2199 3860 2486 3966 debeat
2521 3881 2818 3955 terere,

484 4027 497 4036 -
688 4051 695 4056 ,
900 4011 905 4017 ·
2622 3994 2814 4053 cum
