<?xml version="1.0" encoding="UTF-8"?>
<!DOCTYPE html PUBLIC "-//W3C//DTD XHTML 1.0 Transitional//EN"
    "http://www.w3.org/TR/xhtml1/DTD/xhtml1-transitional.dtd">
<html xmlns="http://www.w3.org/1999/xhtml" xml:lang="en" lang="en">
 <head>
  <title>
</title>
<meta http-equiv="Content-Type" content="text/html;charset=utf-8" />
  <meta name='ocr-system' content='tesseract 3.04.00' />
  <meta name='ocr-capabilities' content='ocr_page ocr_carea ocr_par ocr_line ocrx_word'/>
</head>
<body>
  <div class='ocr_page' id='page_1' title='image "./campegivitringa00gysegoog_0031.png"; bbox 0 0 3931 4906; ppageno 0'>
   <div class='ocr_carea' id='block_1_1' title="bbox 276 390 2936 3780">
    <p class='ocr_par' dir='ltr' id='par_1_1' title="bbox 824 390 2311 507">
     <span class='ocr_line' id='line_1_1' title="bbox 824 390 2311 507; baseline 0.011 -24"><span class='ocrx_word' id='word_1_1' title='bbox 824 500 831 507; x_wconf 85' lang='lat'><strong>.</strong></span> <span class='ocrx_word' id='word_1_2' title='bbox 942 390 2311 501; x_wconf 70' lang='lat' dir='ltr'>.DED.1CA=T10.</span> 
     </span>
    </p>

    <p class='ocr_par' dir='ltr' id='par_1_2' title="bbox 460 565 2819 989">
     <span class='ocr_line' id='line_1_2' title="bbox 460 565 2819 722; baseline 0.002 -43"><span class='ocrx_word' id='word_1_3' title='bbox 460 574 709 681; x_wconf 75' lang='lat' dir='ltr'>dolis</span> <span class='ocrx_word' id='word_1_4' title='bbox 730 582 917 675; x_wconf 73' lang='lat' dir='ltr'>tu‘ae</span> <span class='ocrx_word' id='word_1_5' title='bbox 939 565 1613 673; x_wconf 62' lang='lat' dir='ltr'>liberalitatem</span> <span class='ocrx_word' id='word_1_6' title='bbox 1638 567 2521 722; x_wconf 73' lang='lat' dir='ltr'><strong>benignitatemque</strong></span> <span class='ocrx_word' id='word_1_7' title='bbox 2546 650 2578 701; x_wconf 86' lang='lat'>‚</span> <span class='ocrx_word' id='word_1_8' title='bbox 2619 578 2819 721; x_wconf 64' lang='lat' dir='ltr'>qua</span> 
     </span>
     <span class='ocr_line' id='line_1_3' title="bbox 463 703 2814 859; baseline -0 -41"><span class='ocrx_word' id='word_1_9' title='bbox 463 715 634 837; x_wconf 83' lang='lat' dir='ltr'>fit,</span> <span class='ocrx_word' id='word_1_10' title='bbox 695 745 808 816; x_wconf 90' lang='lat' dir='ltr'>ut</span> <span class='ocrx_word' id='word_1_11' title='bbox 848 716 966 814; x_wconf 78' lang='lat' dir='ltr'>iis.</span> <span class='ocrx_word' id='word_1_12' title='bbox 1008 703 1455 811; x_wconf 74' lang='lat' dir='ltr'>omnibus</span> <span class='ocrx_word' id='word_1_13' title='bbox 1504 706 1981 816; x_wconf 81' lang='lat' dir='ltr'>benevelis</span> <span class='ocrx_word' id='word_1_14' title='bbox 2029 731 2129 815; x_wconf 72' lang='grc' dir='ltr'>δε</span> <span class='ocrx_word' id='word_1_15' title='bbox 2173 716 2465 821; x_wconf 84' lang='lat' dir='ltr'>facias</span> <span class='ocrx_word' id='word_1_16' title='bbox 2495 792 2520 838; x_wconf 90' lang='lat'>‚</span> <span class='ocrx_word' id='word_1_17' title='bbox 2587 724 2814 859; x_wconf 84' lang='lat' dir='ltr'>qui,</span> 
     </span>
     <span class='ocr_line' id='line_1_4' title="bbox 460 852 2819 989; baseline 0.001 -32"><span class='ocrx_word' id='word_1_18' title='bbox 460 853 631 957; x_wconf 85' lang='lat' dir='ltr'>etfi</span> <span class='ocrx_word' id='word_1_19' title='bbox 672 854 922 957; x_wconf 83' lang='lat' dir='ltr'>nihil</span> <span class='ocrx_word' id='word_1_20' title='bbox 964 879 1449 989; x_wconf 80' lang='lat' dir='ltr'>merentur</span> <span class='ocrx_word' id='word_1_21' title='bbox 1492 924 1523 974; x_wconf 87' lang='lat'>,</span> <span class='ocrx_word' id='word_1_22' title='bbox 1613 852 2210 961; x_wconf 66' lang='lat' dir='ltr'>&#39;voluntatem</span> <span class='ocrx_word' id='word_1_23' title='bbox 2256 888 2819 960; x_wconf 73' lang='lat' dir='ltr'>tamenme-</span> 
     </span>
    </p>

    <p class='ocr_par' dir='ltr' id='par_1_3' title="bbox 276 987 2936 3780">
     <span class='ocr_line' id='line_1_5' title="bbox 444 987 1580 1130; baseline -0.004 -30"><span class='ocrx_word' id='word_1_24' title='bbox 444 992 730 1100; x_wconf 31' lang='lat' dir='ltr'>‘tendi</span> <span class='ocrx_word' id='word_1_25' title='bbox 776 991 967 1094; x_wconf 76' lang='lat' dir='ltr'>tibi</span> <span class='ocrx_word' id='word_1_26' title='bbox 1001 987 1449 1130; x_wconf 77' lang='lat' dir='ltr'>probant.</span> <span class='ocrx_word' id='word_1_27' title='bbox 1511 1060 1520 1069; x_wconf 92' lang='lat'><em>-</em></span> <span class='ocrx_word' id='word_1_28' title='bbox 1570 1056 1580 1068; x_wconf 90' lang='lat'><strong>·</strong></span> 
     </span>
     <span class='ocr_line' id='line_1_6' title="bbox 606 1126 2820 1275; baseline 0.002 -42"><span class='ocrx_word' id='word_1_29' title='bbox 606 1130 799 1234; x_wconf 75' lang='lat' dir='ltr'>Se‘d-</span> <span class='ocrx_word' id='word_1_30' title='bbox 837 1139 1211 1275; x_wconf 66' lang='lat' dir='ltr'>quanto·</span> <span class='ocrx_word' id='word_1_31' title='bbox 1247 1167 1432 1267; x_wconf 84' lang='lat' dir='ltr'>ego</span> <span class='ocrx_word' id='word_1_32' title='bbox 1475 1134 1779 1267; x_wconf 81' lang='lat' dir='ltr'>magis</span> <span class='ocrx_word' id='word_1_33' title='bbox 1822 1126 2587 1269; x_wconf 79' lang='lat' dir='ltr'>Tibi-agnoscoa</span> <span class='ocrx_word' id='word_1_34' title='bbox 2699 1166 2820 1239; x_wconf 87' lang='lat' dir='ltr'>ue</span> 
     </span>
     <span class='ocr_line' id='line_1_7' title="bbox 463 1269 2822 1412; baseline 0 -38"><span class='ocrx_word' id='word_1_35' title='bbox 463 1271 671 1374; x_wconf 82' lang='lat' dir='ltr'>aliis</span> <span class='ocrx_word' id='word_1_36' title='bbox 738 1271 1128 1373; x_wconf 88' lang='lat' dir='ltr'>declaro</span> <span class='ocrx_word' id='word_1_37' title='bbox 1170 1347 1200 1393; x_wconf 90' lang='lat'>,</span> <span class='ocrx_word' id='word_1_38' title='bbox 1297 1306 1886 1412; x_wconf 82' lang='lat' dir='ltr'>quantopere</span> <span class='ocrx_word' id='word_1_39' title='bbox 1951 1269 2190 1374; x_wconf 88' lang='lat' dir='ltr'>Tibi</span> <span class='ocrx_word' id='word_1_40' title='bbox 2257 1271 2428 1394; x_wconf 82' lang='lat' dir='ltr'>fim</span> <span class='ocrx_word' id='word_1_41' title='bbox 2477 1270 2605 1371; x_wconf 93' lang='lat' dir='ltr'>ob</span> <span class='ocrx_word' id='word_1_42' title='bbox 2693 1282 2822 1374; x_wconf 82' lang='lat' dir='ltr'>ri·-</span> 
     </span>
     <span class='ocr_line' id='line_1_8' title="bbox 416 1411 2818 1552; baseline 0 -40"><span class='ocrx_word' id='word_1_43' title='bbox 416 1422 666 1513; x_wconf 68' lang='grc' dir='ltr'>’θεας</span> <span class='ocrx_word' id='word_1_44' title='bbox 693 1487 723 1533; x_wconf 86' lang='grc'>,</span> <span class='ocrx_word' id='word_1_45' title='bbox 794 1440 1066 1511; x_wconf 85' lang='lat' dir='ltr'>tanto</span> <span class='ocrx_word' id='word_1_46' title='bbox 1112 1446 1268 1510; x_wconf 91' lang='lat' dir='ltr'>me</span> <span class='ocrx_word' id='word_1_47' title='bbox 1311 1416 1613 1552; x_wconf 90' lang='lat' dir='ltr'>ipsum</span> <span class='ocrx_word' id='word_1_48' title='bbox 1638 1411 2301 1546; x_wconf 68' lang='lat' dir='ltr'>magisvideor.</span> <span class='ocrx_word' id='word_1_49' title='bbox 2329 1414 2818 1513; x_wconf 85' lang='lat' dir='ltr'>involvere</span> 
     </span>
     <span class='ocr_line' id='line_1_9' title="bbox 460 1550 2817 1693; baseline 0.001 -42"><span class='ocrx_word' id='word_1_50' title='bbox 460 1550 1003 1669; x_wconf 86' lang='lat' dir='ltr'>difficultati</span> <span class='ocrx_word' id='word_1_51' title='bbox 1026 1550 1584 1693; x_wconf 71' lang='lat' dir='ltr'>propositae.</span> <span class='ocrx_word' id='word_1_52' title='bbox 1682 1561 2041 1693; x_wconf 84' lang='lat' dir='ltr'>Neque</span> <span class='ocrx_word' id='word_1_53' title='bbox 2065 1566 2409 1652; x_wconf 79' lang='lat' dir='ltr'>&#39;tamen</span> <span class='ocrx_word' id='word_1_54' title='bbox 2454 1552 2551 1651; x_wconf 91' lang='lat' dir='ltr'>id</span> <span class='ocrx_word' id='word_1_55' title='bbox 2589 1589 2817 1691; x_wconf 86' lang='lat' dir='ltr'>age-</span> 
     </span>
     <span class='ocr_line' id='line_1_10' title="bbox 459 1689 2811 1832; baseline -0 -39"><span class='ocrx_word' id='word_1_56' title='bbox 459 1728 564 1793; x_wconf 84' lang='lat' dir='ltr'>re</span> <span class='ocrx_word' id='word_1_57' title='bbox 610 1766 638 1812; x_wconf 85' lang='lat'>‚</span> <span class='ocrx_word' id='word_1_58' title='bbox 750 1698 982 1832; x_wconf 90' lang='lat' dir='ltr'>quin</span> <span class='ocrx_word' id='word_1_59' title='bbox 1064 1699 1383 1831; x_wconf 85' lang='lat' dir='ltr'>potius</span> <span class='ocrx_word' id='word_1_60' title='bbox 1472 1689 1731 1791; x_wconf 89' lang='lat' dir='ltr'>aliud</span> <span class='ocrx_word' id='word_1_61' title='bbox 1818 1726 2096 1825; x_wconf 85' lang='lat' dir='ltr'>agere</span> <span class='ocrx_word' id='word_1_62' title='bbox 2167 1689 2811 1793; x_wconf 84' lang='lat' dir='ltr'>intendebam.</span> 
     </span>
     <span class='ocr_line' id='line_1_11' title="bbox 458 1828 2918 1963; baseline -0.001 -29"><span class='ocrx_word' id='word_1_63' title='bbox 458 1828 842 1939; x_wconf 81' lang='lat' dir='ltr'>Etenim</span> <span class='ocrx_word' id='word_1_64' title='bbox 886 1829 952 1932; x_wconf 88' lang='lat' dir='ltr'>fi</span> <span class='ocrx_word' id='word_1_65' title='bbox 1000 1863 1108 1932; x_wconf 91' lang='lat' dir='ltr'>tu</span> <span class='ocrx_word' id='word_1_66' title='bbox 1138 1830 1465 1933; x_wconf 86' lang='lat' dir='ltr'>solitus</span> <span class='ocrx_word' id='word_1_67' title='bbox 1492 1868 1586 1931; x_wconf 87' lang='lat' dir='ltr'>es</span> <span class='ocrx_word' id='word_1_68' title='bbox 1613 1865 2006 1931; x_wconf 89' lang='lat' dir='ltr'>munera</span> <span class='ocrx_word' id='word_1_69' title='bbox 2030 1868 2145 1931; x_wconf 86' lang='lat' dir='ltr'>ex</span> <span class='ocrx_word' id='word_1_70' title='bbox 2168 1828 2817 1963; x_wconf 69' lang='lat' dir='ltr'>voluntatibus</span> <span class='ocrx_word' id='word_1_71' title='bbox 2913 1850 2918 1859; x_wconf 82' lang='grc'><strong>’</strong></span> 
     </span>
     <span class='ocr_line' id='line_1_12' title="bbox 386 1964 2822 2113; baseline 0 -43"><span class='ocrx_word' id='word_1_72' title='bbox 386 1980 395 1985; x_wconf 80' lang='grc'><strong>’</strong></span> <span class='ocrx_word' id='word_1_73' title='bbox 462 1964 919 2071; x_wconf 85' lang='lat' dir='ltr'>aestimare</span> <span class='ocrx_word' id='word_1_74' title='bbox 962 2046 992 2092; x_wconf 90' lang='lat'><em>,</em></span> <span class='ocrx_word' id='word_1_75' title='bbox 1083 1970 1315 2113; x_wconf 89' lang='lat' dir='ltr'>quid</span> <span class='ocrx_word' id='word_1_76' title='bbox 1358 1972 1897 2108; x_wconf 84' lang='lat' dir='ltr'>desperem,</span> <span class='ocrx_word' id='word_1_77' title='bbox 1980 1968 2188 2070; x_wconf 92' lang='lat' dir='ltr'>hoc·</span> <span class='ocrx_word' id='word_1_78' title='bbox 2218 1970 2458 2073; x_wconf 89' lang='lat' dir='ltr'>Tibi</span> <span class='ocrx_word' id='word_1_79' title='bbox 2507 1977 2822 2106; x_wconf 86' lang='lat' dir='ltr'>ingra-</span> 
     </span>
     <span class='ocr_line' id='line_1_13' title="bbox 460 2108 2821 2246; baseline -0.004 -38"><span class='ocrx_word' id='word_1_80' title='bbox 460 2137 669 2208; x_wconf 89' lang='lat' dir='ltr'>tum</span> <span class='ocrx_word' id='word_1_81' title='bbox 715 2108 927 2204; x_wconf 86' lang='lat' dir='ltr'>fore</span> <span class='ocrx_word' id='word_1_82' title='bbox 972 2143 1298 2230; x_wconf 78' lang='lat' dir='ltr'>meum</span> <span class='ocrx_word' id='word_1_83' title='bbox 1338 2115 1589 2241; x_wconf 86' lang='lat' dir='ltr'>grati</span> <span class='ocrx_word' id='word_1_84' title='bbox 1638 2141 1863 2238; x_wconf 88' lang='lat' dir='ltr'>erga</span> <span class='ocrx_word' id='word_1_85' title='bbox 1907 2115 2065 2209; x_wconf 92' lang='lat' dir='ltr'>Te</span> <span class='ocrx_word' id='word_1_86' title='bbox 2105 2116 2401 2209; x_wconf 89' lang='lat' dir='ltr'>animi</span> <span class='ocrx_word' id='word_1_87' title='bbox 2449 2108 2821 2246; x_wconf 79' lang='lat' dir='ltr'>deposi-</span> 
     </span>
     <span class='ocr_line' id='line_1_14' title="bbox 458 2240 2822 2387; baseline 0 -42"><span class='ocrx_word' id='word_1_88' title='bbox 458 2248 669 2346; x_wconf 88' lang='lat' dir='ltr'>tum</span> <span class='ocrx_word' id='word_1_89' title='bbox 696 2319 723 2367; x_wconf 91' lang='lat'>‚</span> <span class='ocrx_word' id='word_1_90' title='bbox 793 2244 911 2345; x_wconf 90' lang='lat' dir='ltr'>de</span> <span class='ocrx_word' id='word_1_91' title='bbox 955 2252 1220 2383; x_wconf 90' lang='lat' dir='ltr'>cujus</span> <span class='ocrx_word' id='word_1_92' title='bbox 1264 2243 1756 2345; x_wconf 83' lang='lat' dir='ltr'>voluntate</span> <span class='ocrx_word' id='word_1_93' title='bbox 1802 2275 1896 2362; x_wconf 84' lang='lat' dir='ltr'>te</span> <span class='ocrx_word' id='word_1_94' title='bbox 1938 2275 2178 2386; x_wconf 89' lang='lat' dir='ltr'>puto</span> <span class='ocrx_word' id='word_1_95' title='bbox 2225 2240 2405 2346; x_wconf 84' lang='lat' dir='ltr'>effe</span> <span class='ocrx_word' id='word_1_96' title='bbox 2447 2244 2822 2387; x_wconf 76' lang='lat' dir='ltr'>persua-</span> 
     </span>
     <span class='ocr_line' id='line_1_15' title="bbox 444 2382 2936 2517; baseline -0.001 -29"><span class='ocrx_word' id='word_1_97' title='bbox 444 2383 952 2517; x_wconf 70' lang='lat' dir='ltr'>¹fiffimum?</span> <span class='ocrx_word' id='word_1_98' title='bbox 1020 2382 1565 2508; x_wconf 88' lang='lat' dir='ltr'>Volebam,</span> <span class='ocrx_word' id='word_1_99' title='bbox 1638 2396 2036 2509; x_wconf 85' lang='lat' dir='ltr'>Patrue,</span> <span class='ocrx_word' id='word_1_100' title='bbox 2107 2385 2399 2508; x_wconf 79' lang='lat' dir='ltr'>setin,</span> <span class='ocrx_word' id='word_1_101' title='bbox 2467 2415 2576 2486; x_wconf 87' lang='lat' dir='ltr'>ut</span> <span class='ocrx_word' id='word_1_102' title='bbox 2616 2387 2673 2486; x_wconf 93' lang='lat' dir='ltr'>s</span> <span class='ocrx_word' id='word_1_103' title='bbox 2720 2422 2817 2486; x_wconf 82' lang='lat' dir='ltr'>e.-</span> <span class='ocrx_word' id='word_1_104' title='bbox 2928 2416 2936 2425; x_wconf 87' lang='lat'><strong>·</strong></span> 
     </span>
     <span class='ocr_line' id='line_1_16' title="bbox 455 2524 2819 2661; baseline -0.005 -33"><span class='ocrx_word' id='word_1_105' title='bbox 455 2533 776 2628; x_wconf 88' lang='lat' dir='ltr'>cimen</span> <span class='ocrx_word' id='word_1_106' title='bbox 818 2533 917 2628; x_wconf 89' lang='lat' dir='ltr'>in</span> <span class='ocrx_word' id='word_1_107' title='bbox 963 2527 1329 2629; x_wconf 87' lang='lat' dir='ltr'>mundo</span> <span class='ocrx_word' id='word_1_108' title='bbox 1378 2558 1742 2628; x_wconf 84' lang='lat' dir='ltr'>extaret</span> <span class='ocrx_word' id='word_1_109' title='bbox 1784 2564 2018 2628; x_wconf 82' lang='lat' dir='ltr'>meae</span> <span class='ocrx_word' id='word_1_110' title='bbox 2065 2562 2291 2661; x_wconf 88' lang='lat' dir='ltr'>erga</span> <span class='ocrx_word' id='word_1_111' title='bbox 2317 2535 2474 2629; x_wconf 92' lang='lat' dir='ltr'>Te</span> <span class='ocrx_word' id='word_1_112' title='bbox 2502 2524 2632 2625; x_wconf 91' lang='lat' dir='ltr'>ob</span> <span class='ocrx_word' id='word_1_113' title='bbox 2675 2563 2819 2627; x_wconf 85' lang='lat' dir='ltr'>er..</span> 
     </span>
     <span class='ocr_line' id='line_1_17' title="bbox 326 2664 2883 2810; baseline 0 -44"><span class='ocrx_word' id='word_1_114' title='bbox 326 2730 335 2734; x_wconf 86' lang='lat'><em>-</em></span> <span class='ocrx_word' id='word_1_115' title='bbox 454 2675 846 2790; x_wconf 82' lang='lat' dir='ltr'>vantiae‚</span> <span class='ocrx_word' id='word_1_116' title='bbox 913 2670 1730 2810; x_wconf 84' lang='lat' dir='ltr'>venerationisque</span> <span class='ocrx_word' id='word_1_117' title='bbox 1774 2664 2014 2769; x_wconf 87' lang='lat' dir='ltr'>Tibi</span> <span class='ocrx_word' id='word_1_118' title='bbox 2061 2665 2456 2788; x_wconf 68' lang='lat' dir='ltr'>debitat,</span> <span class='ocrx_word' id='word_1_119' title='bbox 2524 2698 2816 2807; x_wconf 86' lang='lat' dir='ltr'>atque</span> <span class='ocrx_word' id='word_1_120' title='bbox 2874 2793 2883 2801; x_wconf 85' lang='lat'><em>.</em></span> 
     </span>
     <span class='ocr_line' id='line_1_18' title="bbox 276 2801 2814 2910; baseline 0 -4"><span class='ocrx_word' id='word_1_121' title='bbox 276 2827 297 2836; x_wconf 83' lang='grc'><em>“</em></span> <span class='ocrx_word' id='word_1_122' title='bbox 456 2807 860 2907; x_wconf 86' lang='lat' dir='ltr'>infucati</span> <span class='ocrx_word' id='word_1_123' title='bbox 923 2801 1308 2908; x_wconf 76' lang='lat' dir='ltr'>amoris,</span> <span class='ocrx_word' id='word_1_124' title='bbox 1425 2818 1626 2910; x_wconf 71' lang='lat' dir='ltr'><strong>1³1·ae</strong></span> <span class='ocrx_word' id='word_1_125' title='bbox 1694 2803 2126 2905; x_wconf 85' lang='lat' dir='ltr'>manibus</span> <span class='ocrx_word' id='word_1_126' title='bbox 2194 2837 2509 2906; x_wconf 87' lang='lat' dir='ltr'>autem</span> <span class='ocrx_word' id='word_1_127' title='bbox 2574 2813 2814 2906; x_wconf 82' lang='lat' dir='ltr'>meis</span> 
     </span>
     <span class='ocr_line' id='line_1_19' title="bbox 459 2942 2874 3089; baseline 0.001 -48"><span class='ocrx_word' id='word_1_128' title='bbox 459 2942 704 3043; x_wconf 88' lang='lat' dir='ltr'>nihil</span> <span class='ocrx_word' id='word_1_129' title='bbox 727 2946 984 3044; x_wconf 88' lang='lat' dir='ltr'>aliud</span> <span class='ocrx_word' id='word_1_130' title='bbox 1007 2979 1207 3046; x_wconf 87' lang='lat' dir='ltr'>erat</span> <span class='ocrx_word' id='word_1_131' title='bbox 1230 2953 1748 3089; x_wconf 83' lang='lat' dir='ltr'>quicquam</span> <span class='ocrx_word' id='word_1_132' title='bbox 1774 2983 2063 3088; x_wconf 86' lang='lat' dir='ltr'>quam</span> <span class='ocrx_word' id='word_1_133' title='bbox 2091 2944 2280 3048; x_wconf 91' lang='lat' dir='ltr'>hoc</span> <span class='ocrx_word' id='word_1_134' title='bbox 2306 2946 2756 3083; x_wconf 85' lang='lat' dir='ltr'>scripturn</span> <span class='ocrx_word' id='word_1_135' title='bbox 2783 3019 2815 3065; x_wconf 84' lang='lat'>‚</span> <span class='ocrx_word' id='word_1_136' title='bbox 2863 3035 2874 3044; x_wconf 93' lang='lat'><em>.</em></span> 
     </span>
     <span class='ocr_line' id='line_1_20' title="bbox 460 3080 2815 3227; baseline -0.003 -41"><span class='ocrx_word' id='word_1_137' title='bbox 460 3088 564 3186; x_wconf 85' lang='lat' dir='ltr'>in</span> <span class='ocrx_word' id='word_1_138' title='bbox 605 3118 802 3220; x_wconf 89' lang='lat' dir='ltr'>quo</span> <span class='ocrx_word' id='word_1_139' title='bbox 847 3112 1167 3182; x_wconf 90' lang='lat' dir='ltr'>tamen</span> <span class='ocrx_word' id='word_1_140' title='bbox 1203 3159 1231 3205; x_wconf 85' lang='lat'>‚</span> <span class='ocrx_word' id='word_1_141' title='bbox 1296 3118 1569 3184; x_wconf 86' lang='lat' dir='ltr'>utres</span> <span class='ocrx_word' id='word_1_142' title='bbox 1596 3084 2275 3227; x_wconf 85' lang='lat' dir='ltr'>facultatesque</span> <span class='ocrx_word' id='word_1_143' title='bbox 2297 3118 2527 3182; x_wconf 85' lang='lat' dir='ltr'>meae</span> <span class='ocrx_word' id='word_1_144' title='bbox 2554 3080 2815 3202; x_wconf 88' lang='lat' dir='ltr'>sunt,</span> 
     </span>
     <span class='ocr_line' id='line_1_21' title="bbox 456 3216 2818 3362; baseline 0.003 -44"><span class='ocrx_word' id='word_1_145' title='bbox 456 3224 764 3360; x_wconf 88' lang='lat' dir='ltr'>qualis</span> <span class='ocrx_word' id='word_1_146' title='bbox 811 3219 1118 3362; x_wconf 83' lang='lat' dir='ltr'>qualis</span> <span class='ocrx_word' id='word_1_147' title='bbox 1165 3220 1634 3321; x_wconf 78' lang='lat' dir='ltr'>industriae</span> <span class='ocrx_word' id='word_1_148' title='bbox 1681 3258 2237 3356; x_wconf 85' lang='lat' dir='ltr'>argumenta</span> <span class='ocrx_word' id='word_1_149' title='bbox 2280 3216 2582 3319; x_wconf 85' lang='lat' dir='ltr'>deeffe</span> <span class='ocrx_word' id='word_1_150' title='bbox 2618 3256 2818 3326; x_wconf 88' lang='lat' dir='ltr'>non</span> 
     </span>
     <span class='ocr_line' id='line_1_22' title="bbox 459 3355 2816 3500; baseline -0 -39"><span class='ocrx_word' id='word_1_151' title='bbox 459 3365 663 3466; x_wconf 73' lang='lat' dir='ltr'>[um</span> <span class='ocrx_word' id='word_1_152' title='bbox 727 3355 1063 3500; x_wconf 82' lang='lat' dir='ltr'>paffus.</span> <span class='ocrx_word' id='word_1_153' title='bbox 1185 3365 1553 3499; x_wconf 85' lang='lat' dir='ltr'>Accipe</span> <span class='ocrx_word' id='word_1_154' title='bbox 1598 3366 1886 3496; x_wconf 83' lang='lat' dir='ltr'>igitur</span> <span class='ocrx_word' id='word_1_155' title='bbox 1939 3363 2178 3461; x_wconf 89' lang='lat' dir='ltr'>illud</span> <span class='ocrx_word' id='word_1_156' title='bbox 2221 3361 2406 3461; x_wconf 89' lang='lat' dir='ltr'>illis</span> <span class='ocrx_word' id='word_1_157' title='bbox 2456 3362 2816 3484; x_wconf 77' lang='lat' dir='ltr'>oculis,</span> 
     </span>
     <span class='ocr_line' id='line_1_23' title="bbox 461 3496 2812 3644; baseline -0.002 -40"><span class='ocrx_word' id='word_1_158' title='bbox 461 3536 760 3641; x_wconf 83' lang='lat' dir='ltr'>eaque</span> <span class='ocrx_word' id='word_1_159' title='bbox 791 3498 1108 3604; x_wconf 82' lang='lat' dir='ltr'>fronte</span> <span class='ocrx_word' id='word_1_160' title='bbox 1151 3576 1179 3622; x_wconf 85' lang='lat'>‚</span> <span class='ocrx_word' id='word_1_161' title='bbox 1242 3536 1434 3644; x_wconf 89' lang='lat' dir='ltr'>qua</span> <span class='ocrx_word' id='word_1_162' title='bbox 1455 3535 1741 3600; x_wconf 88' lang='lat' dir='ltr'>manu</span> <span class='ocrx_word' id='word_1_163' title='bbox 1768 3504 1864 3600; x_wconf 83' lang='lat' dir='ltr'>id</span> <span class='ocrx_word' id='word_1_164' title='bbox 1888 3539 2069 3638; x_wconf 85' lang='lat' dir='ltr'>ego</span> <span class='ocrx_word' id='word_1_165' title='bbox 2097 3496 2336 3605; x_wconf 88' lang='lat' dir='ltr'>Tibi</span> <span class='ocrx_word' id='word_1_166' title='bbox 2361 3506 2753 3641; x_wconf 84' lang='lat' dir='ltr'>porrigo</span> <span class='ocrx_word' id='word_1_167' title='bbox 2781 3577 2812 3622; x_wconf 92' lang='lat'>‚</span> 
     </span>
     <span class='ocr_line' id='line_1_24' title="bbox 442 3637 2818 3780; baseline 0.001 -42"><span class='ocrx_word' id='word_1_168' title='bbox 442 3651 557 3738; x_wconf 74' lang='grc' dir='ltr'>’δε</span> <span class='ocrx_word' id='word_1_169' title='bbox 624 3640 1057 3776; x_wconf 82' lang='lat' dir='ltr'>intellige</span> <span class='ocrx_word' id='word_1_170' title='bbox 1125 3676 1435 3780; x_wconf 83' lang='lat' dir='ltr'>came</span> <span class='ocrx_word' id='word_1_171' title='bbox 1481 3637 2072 3768; x_wconf 78' lang='lat' dir='ltr'>observantia</span> <span class='ocrx_word' id='word_1_172' title='bbox 2114 3651 2215 3746; x_wconf 95' lang='lat' dir='ltr'>T</span> <span class='ocrx_word' id='word_1_173' title='bbox 2221 3678 2272 3741; x_wconf 91' lang='lat' dir='ltr'>c</span> <span class='ocrx_word' id='word_1_174' title='bbox 2320 3672 2818 3741; x_wconf 84' lang='lat' dir='ltr'>veneratu-</span> 
     </span>
    </p>
   </div>
   <div class='ocr_carea' id='block_1_2' title="bbox 461 3775 2818 4063">
    <p class='ocr_par' dir='ltr' id='par_1_4' title="bbox 461 3775 2818 4063">
     <span class='ocr_line' id='line_1_25' title="bbox 461 3775 2818 3991; baseline -0.002 -110"><span class='ocrx_word' id='word_1_175' title='bbox 461 3816 675 3881; x_wconf 87' lang='lat' dir='ltr'>rum</span> <span class='ocrx_word' id='word_1_176' title='bbox 715 3787 815 3881; x_wconf 90' lang='lat' dir='ltr'>in</span> <span class='ocrx_word' id='word_1_177' title='bbox 870 3775 1405 3922; x_wconf 83' lang='lat' dir='ltr'>posterum,</span> <span class='ocrx_word' id='word_1_178' title='bbox 1452 3818 1668 3991; x_wconf 46' lang='lat'><em>{1¹20</em></span> <span class='ocrx_word' id='word_1_179' title='bbox 1697 3790 1885 3990; x_wconf 48' lang='lat' dir='ltr'>*Tg</span> <span class='ocrx_word' id='word_1_180' title='bbox 1926 3819 2083 3888; x_wconf 88' lang='lat' dir='ltr'>me</span> <span class='ocrx_word' id='word_1_181' title='bbox 2129 3817 2454 3884; x_wconf 83' lang='lat' dir='ltr'>amore</span> <span class='ocrx_word' id='word_1_182' title='bbox 2495 3779 2818 3943; x_wconf 60' lang='lat' dir='ltr'>prose-T</span> 
     </span>
     <span class='ocr_line' id='line_1_26' title="bbox 2397 3955 2814 4063; baseline 0 -45"><span class='ocrx_word' id='word_1_183' title='bbox 2397 3955 2402 3962; x_wconf 81' lang='lat'><strong>·</strong></span> <span class='ocrx_word' id='word_1_184' title='bbox 2644 3955 2814 4063; x_wconf 76' lang='lat' dir='ltr'>qui</span> 
     </span>
    </p>
   </div>
  </div>
 </body>
</html>
