3931 4906
941 317 1647 411 o‘rlosx
1749 302 2423 421 DECEM.
2682 290 2881 446 265³

485 482 642 568 dis‘
675 478 999 595 oppido
1053 477 1500 563 deliciatur.
1581 476 1766 563 Ubi
1820 502 2018 565 vero
2072 478 2428 593 superius
2465 506 2649 567 eum
2690 484 2852 569 hoc

483 594 733 707 paeto
790 609 1073 675 contra
1133 588 1642 703 Ligtfhotuni
1688 612 2369 703 argumentantem
2408 596 2843 704 reperieba-
2909 665 2913 668 ,

483 728 712 801 mus,
767 699 1377 815 indignabamur
1411 721 1668 798 certe,
1785 702 1958 785 uod
1998 721 2127 785 tot
2162 703 2637 816 incongruas
2656 705 2841 820 sup-

313 860 322 867 ·
399 822 406 827 ’
483 814 922 925 positiones
961 832 1192 895 tanto
1227 832 1525 898 consu
1544 808 1730 913 refe
1791 832 1957 897 eret
1978 868 2006 909 ,
2061 813 2281 924 quasi
2319 814 2417 896 ab
2454 816 2634 926 ipso
2668 845 2840 901 cre-

477 924 692 1009 ditas
747 921 1269 1036 acceptasque
1288 978 1317 1021 ,
1353 950 1580 1033 ,cum
1633 942 1898 1009 tamen
1950 951 2220 1008 earum
2256 924 2557 1013 nullam
2601 928 2839 1039 Ligt-
2878 956 2885 975 ·

478 1031 760 1118 footus
813 1033 1240 1153 crepidetit
1278 1035 1672 1148 acceperit
1734 1062 1836 1118 ue
1872 1060 2261 1145 unquam.
2322 1035 2679 1143 Qndo
2698 1064 2835 1119 ve·-

471 1169 575 1226 ro
613 1146 953 1229 eundem
991 1165 1271 1229 contra
1308 1174 1439 1229 me
1476 1172 1678 1258 agen
1739 1145 1767 1228 i
1804 1144 2144 1235 modum
2182 1143 2572 1243 instituit,
2628 1146 2834 1231 nihil

469 1256 815 1365 quidem
875 1254 1097 1339 aliud
1152 1282 1366 1340 nunc
1407 1255 1790 1368 supererit
1808 1311 1838 1352 ,
1894 1282 2142 1366 quam
2189 1254 2610 1338 Ledroi-em
2651 1283 2830 1339 mo-

473 1389 661 1447 nere
681 1421 708 1462 ‚
764 1393 912 1448 nos
949 1365 1144 1449 tales
1180 1365 1759 1478 suppositiones
1795 1391 1902 1451 ex.
1919 1362 2399 1447 otiosorum
2420 1363 2829 1474 definitio-'-

394 1474 2668 1696 ·Ricflffssfflgssgffs⁰ffiaofflffiessnffissfgff
2730 1477 2830 1669 ³3

467 1692 1372 1901 ἒοῖῗηῦῗάῗέιὲῗῗῗῖἲὲ
1381 1717 1598 1885 “nomn
1622 1691 2829 1887 ffgssffiqffss'ss'ffss‘fiffi‘ssffofffvss

453 1907 718 1994 cundo
757 1974 794 2008 ,
891 1910 1112 2034 illos·
1152 1936 1319 2033 non
1379 1909 1867 2021 prospexisse
1922 1911 2264 2022 negotiis
2324 1913 2770 2025 Synagogae
2790 1967 2823 2011 ,

451 2018 626 2100 -suis
689 2046 792 2100 ue
861 2016 1154 2101 officiis
1213 2046 1299 2101 1n
1339 2018 1868 2102 commodum
1908 2018 2352 2131 Synagogae
2389 2048 2554 2105 non
2592 2020 2823 2107 fuiffe

469 2046 817 2213 fun-iios.
880 2129 1087 2212 Haec
1128 2129 1464 2239 probet,
1519 2130 1847 2240 inquam
1871 2183 1923 2253 ,-
1955 2137 2039 2212 δε
2076 2130 2488 2254 cesset-pro
2525 2130 2667 2214 suo
2702 2160 2821 2216 ar·

468 2236 715 2321 bitrio
737 2237 1252 2350 quascunque
1287 2239 1522 2322 nobis
1539 2236 2119 2350 suppofinones
2140 2264 2584 2350 impingere
2605 2296 2632 2337 ‚
2688 2241 2820 2327 iis·-

439 2375 631 2459 :que
688 2346 1123 2433 refutandis
1145 2405 1175 2446 ,
1248 2349 1468 2462 quafi
1515 2376 1684 2433 rem
1742 2349 2013 2433 seriam
2052 2369 2317 2462 ageret
2335 2404 2365 2447 ‚
2418 2348 2816 2439 inhaerere.

440 2456 566 2540 ,Ν
570 2488 676 2541 on
716 2461 951 2544 decet
985 2460 1076 2543 id
1113 2460 1581 2571 scriptorem
1624 2460 2069 2544 cordatum.

455 2567 458 2574 ⁴
572 2570 831 2653 Porro
850 2626 880 2667 ,
936 2572 1169 2680 quod
1205 2569 1492 2653 scribat
1531 2570 1617 2671 in
1659 2568 1808 2654 hac
1840 2569 2423 2666 dissertatione,
2479 2597 2610 2653 me
2628 2571 2818 2676 sen-

346 2684 350 2688 ’
460 2678 800 2792 tentiam
832 2675 1312 2786 stepiuscule
1354 2677 1439 2759 in
1478 2676 1617 2759 hoc
1653 2696 2116 2787 argumento
2151 2683 2473 2780 mutaffl·
2491 2742 2528 2776 ,
2582 2680 2672 2762 id
2709 2710 2813 2762 eo

460 2787 778 2892 respicit
798 2839 825 2878 ‚
909 2786 1141 2892 quod
1160 2835 1187 2879 ,
1243 2810 1431 2864 cum
1472 2785 1793 2862 initium
1828 2783 2168 2864 facerem
2204 2787 2812 2871 exercitationes

460 2918 672 2974 meas
732 2890 1281 2972 conscribendi
1303 2945 1330 2986 ‚
1384 2891 1882 3000 aliquantum
1923 2890 2201 2973 Grotii
2236 2894 2623 2976 errori'de
2660 2896 2810 2978 im-

458 3002 634 3111 pari
672 3000 759 3081 di
875 3000 1080 3080 itate·
1106 2995 1964 3112 Archisynagogorum
1985 3063 2022 3099 ,
2078 3009 2162 3085 δε
2205 3001 2605 3113 Ligtfhoti
2626 3007 2809 3115 opi.

460 3109 687 3193 nioni
746 3027 871 3191 ἐξ
910 3107 1293 3219 Ministro
1335 3106 1802 3221 Synagogae,
1859 3132 1950 3192 ut
1993 3108 2412 3221 Episcopo
2449 3113 2809 3226 Synago-

463 3245 582 3332 gae
603 3275 632 3315 ,
685 3218 1096 3302 tribuerim
1121 3275 1148 3316 ‚
1204 3249 1250 3300 a
1287 3246 1451 3330 qua
1488 3218 1864 3301 sententia
1894 3219 2412 3303 crescentibus
2435 3226 2655 3305 omni
2674 3225 2811 3308 die

460 3329 895 3413 rationibus
932 3330 1019 3413 in
1060 3330 1543 3413 contrarium
1565 3385 1595 3426 ,
1652 3326 1888 3411 facile
1927 3328 2197 3411 recessi
2221 3385 2249 3425 ‚
2309 3332 2452 3441 qui
2492 3334 2809 3436 veritati

377 3466 381 3469 ⁴
459 3467 756 3530 manus,
796 3439 983 3524 dare
1038 3439 1283 3524 sole0.
1377 3442 1496 3523 At
1557 3467 1661 3521 ue
1711 3441 1801 3523 id
1859 3467 2320 3521 monueram
2386 3442 2808 3550 Lestorem

463 3577 731 3637 meum
771 3551 856 3635 in
900 3548 1376 3635 Praefatione
1419 3551 1520 3632 Li
1579 3550 1665 3632 ri.
1727 3547 2212 3658 Cujusmodi
2253 3552 2582 3661 quando
2606 3554 2808 3640 alius

451 3663 876 3774 ‘conquirit
913 3661 1018 3742 ad
1059 3662 1264 3743 Tibi
1305 3660 1815 3742 conflandam
1855 3660 2284 3756 invidiam,
2340 3681 2513 3744 tum
2556 3685 2806 3773 puto,

468 3771 697 3857 illum
756 3770 1192 3885 angustiam
1236 3770 1478 3853 animi
1520 3769 1928 3967 catisaelque
1963 3768 2116 3854 suae
2157 3768 2591 3884 significare
2630 3800 2809 3896 om.

934 3919 943 3926 ·
2589 3910 2810 3970 nium
