3931 4906
1167 363 1335 469 264
1573 326 2952 465 'C.,V1TR1NGA

1159 506 1598 593 ascendere.
1680 509 1769 593 Si
1824 511 1928 594 de
1965 509 2250 596 Akiva
2295 513 2457 598 hoc
2499 511 2850 607 constet,
2908 509 3113 622 quid
3150 510 3259 596 de
3294 517 3557 600 ordi-2

1018 624 1034 631 '
1161 620 1395 702 uariis
1434 619 1857 704 statuemus
1896 621 2428 733 sapientibus?
2486 623 2698 706 Non
2713 624 2829 705 ita
2845 620 3023 704 sane
3042 678 3073 720 ,
3126 649 3217 705 ac
3248 621 3307 705 fi
3328 627 3514 735 opi-

1161 756 1302 811 ner
1320 785 1348 824 ‚
1424 757 1699 815 omnes
1760 728 2234 817 modestiam
2295 736 2399 821 R.
2458 730 2757 817 Akivae
2816 728 3055 815 fuisse*
3107 733 3461 830 imitatos
3481 788 3513 833 ‚

1013 881 1023 895 ι
1160 860 1406 948 atque
1444 838 1706 923 nullos
1747 846 2101 927 omnino
2124 844 2503 956 sapientes
2540 842 2786 950 Viros
2808 898 2836 940 ‚
2955 839 3186 926 uibus
3218 844 3353 925 hic
3373 845 3514 928 de,-

1159 947 1365 1030 latus
1422 947 1534 1033 est
1592 948 1907 1050 h'o'nor,
1981 978 2169 1038 eum
2206 976 2565 1067 unquam
2608 952 2918 1063 accepis
2953 982 3045 1049 e,
3100 950 3239 1036 sed
3275 953 3387 1035 ita
3421 973 3514 1037 ut
3576 1002 3635 1044 ε

1161 1055 1703 1152 concludendi
1740 1088 1878 1147 me
1914 1060 2198 1148 habere
2230 1068 2623 1148 rationem
2659 1064 3064 1147 autumem
3089 1119 3118 1160 ‚
3175 1062 3515 1147 necessa-
3562 1135 3579 1163 -.

1162 1167 1325 1250 rios
1365 1168 1450 1250 in
1491 1168 1916 1284 synagoga
1955 1172 2315 1287 legitime
2355 1172 2698 1259 formata
2741 1174 2989 1260 Viros
3027 1166 3264 1258 fuisse
3281 1229 3311 1271 ‚
3370 1172 3515 1287 qui

1157 1275 1332 1360 aliis
1402 1304 1565 1358 non
1616 1285 2072 1391 praeparatis
2123 1283 2630 1395 praesentibus
2688 1284 2791 1368 ad
2849 1284 3055 1368 hanc
3120 1284 3513 1368 astionem

1159 1382 1448 1468 sacram
1485 1385 2028 1473 celebrandam
2050 1416 2488 1503 potuerunt
2506 1395 2801 1477 vocari.
2862 1392 3171 1504 Neque
3191 1450 3218 1489 ‚
3260 1421 3514 1503 quan·

1159 1514 1337 1576 tum
1381 1493 1625 1578 video
1646 1552 1677 1592 ,
1730 1497 1883 1578 alia
1919 1500 2032 1580 est
2068 1503 2275 1581 ratio
2295 1556 2323 1595 ‚
2379 1529 2522 1580 cur
2541 1502 2703 1580 hoc
2719 1521 3084 1611 tempore
3101 1501 3312 1583 solus
3334 1502 3516 1583 Mi·

1158 1601 1394 1686 nister
1455 1604 1893 1716 Synagogae
1952 1625 2214 1689 totam
2270 1608 2740 1691 Lea-ionem
2780 1626 3103 1719 peragat
3122 1664 3152 1705 ,
3210 1610 3513 1696 caeteris

1139 1712 1450 1822 fi’ptem
1506 1715 1813 1799 vocatis
1853 1712 2113 1799 solum
2147 1715 2627 1800 adstantibus
2667 1725 2749 1800 &
2792 1718 3025 1828 quod
3059 1717 3354 1830 legitur
3390 1739 3517 1801 ta-

1157 1824 1321 1905 cite
1353 1823 1889 1933 repetentibus
1910 1883 1939 1924 ,
1996 1825 2139 1909 nisi
2164 1825 2402 1938 quia,
2459 1852 2649 1910 cum
2664 1824 2905 1910 statos
2930 1826 3315 1912 Left'ores
3335 1828 3513 1913 nul-

1155 1931 1282 2015 los
1371 1929 1707 2015 habeant
1741 1991 1769 2031 ‚
1859 1963 1965 2039 ex
2019 1936 2468 2048 ignorantia
2515 1938 3082 2049 imperitiaque
3140 1963 3508 2022 commu-

1133 2042 1244 2128 ‘m'
1299 2041 1452 2124 sua:
1513 2044 1767 2154 gentis
1823 2073 2040 2132 nunc
2091 2058 2260 2131 non
2301 2047 2592 2131 audent
2629 2044 3182 2163 committe-re,
3236 2066 3328 2135 ut
3364 2049 3508 2161 qui

1067 2178 1074 2182 ·
1156 2150 1260 2233 ad
1312 2150 1402 2234 id
1451 2149 1497 2233 s
1545 2152 1862 2237 eciatim
1923 2171 2242 2269 paratus
2304 2187 2466 2260 non
2515 2155 2628 2239 est
2676 2156 2981 2269 Legem
3024 2159 3106 2240 in
3149 2159 3503 2272 Synago·

1153 2259 1279 2371 gis
1326 2261 1496 2373 pub
1539 2263 1653 2345 'ce
1709 2263 1943 2376 legat.
2008 2266 2314 2380 Neque
2351 2267 2744 2351 deficiunt
2788 2284 3050 2373 tamen
3090 2296 3507 2381 nuncvma·

1155 2370 1278 2482 gis
1319 2399 1564 2484 quam
1600 2393 1781 2458 ante
1818 2373 1992 2459 ludi
2030 2375 2398 2460 literarii
2434 2385 2518 2464 &
2539 2373 2994 2464 Academiae
3014 2441 3052 2477 ,
3106 2380 3195 2464 in
3217 2379 3506 2493 quibus

1151 2507 1336 2588 vera
1377 2482 1618 2594 Legis
1663 2484 1946 2568 Lestio
1985 2485 2346 2572 docetur.
3318 2563 3327 2569 .
3437 2520 3443 2526 ’
3650 2575 3655 2580 ,

1260 2589 1869 2702 Hypothefibus
1927 2593 2213 2675 nostris
2232 2650 2260 2689 ‚
2317 2596 2547 2701 quod
2579 2624 2623 2678 e
2662 2622 2745 2676 re
2786 2616 2949 2676 erat
2997 2595 3260 2678 nostra
3280 2652 3307 2691 ‚
3365 2599 3505 2680 de-

1153 2695 1385 2782 fenfis
1406 2755 1436 2796 ,
1490 2698 1782 2808 quibus
1824 2713 2136 2784 tantum
2174 2699 2659 2811 detquisque
2681 2755 2708 2796 ‚
2760 2701 3309 2808 quantunrfibi
3328 2707 3498 2812 pla-

1153 2829 1335 2906 cet,
1410 2807 1660 2892 verbo
1713 2807 2117 2904 dicamus,
2204 2807 2502 2891 Virum
2565 2807 3109 2891 Clarissimum
3133 2864 3169 2906 ,
3211 2810 3523 2919 postea„

1150 2917 1259 2999 de
1297 2946 1398 2999 eo
1435 2916 1569 3000 dis
1613 2937 1965 3028 utantem
1990 2974 2020 3015 ‚
2074 2945 2176 3001 an
2209 2916 2295 2998 hi
2336 2915 2495 3000 five
2523 2912 3139 3032 Archiffinagogi
3159 2917 3320 3002 five
3341 2918 3505 3002 Le-

1151 3028 1419 3111 nores
1475 3051 1521 3109 a
1634 3055 2052 3112 numerum
2115 3025 2564 3132 otiosorum
2624 3028 3068 3138 pertineant
3104 3084 3135 3126 ,
3212 3029 3504 3114 eodem

1151 3136 1408 3219 modo
1451 3137 1880 3248 procedere
1899 3193 1926 3234 ‚
1982 3166 2149 3247 quo
2185 3136 2666 3249 processerat
2700 3156 2878 3219 ante
2893 3138 2979 3219 in
3006 3148 3527 3252 argumenta-'

1152 3246 1378 3346 tione
1415 3246 1548 3330 sua
1583 3267 1858 3331 contra
1879 3235 2404 3359 Ligtfhotum.
2468 3248 2763 3332 Probat
2783 3245 3084 3364 scilicet
3101 3304 3130 3345 ,
3184 3248 3333 3334 hos
3355 3251 3502 3333 ho-

1096 3435 1102 3440 .
1153 3357 1404 3439 mines
1530 3359 1771 3442 timos
1828 3366 1916 3443 &
1973 3357 2521 3464 ultimos-non
2582 3354 2819 3441 fuisse
2879 3358 2962 3441 in
3002 3358 3441 3469 Synagogis
3467 3415 3498 3456 ‚

1153 3466 1444 3576 permis
1483 3495 1618 3549 um
1673 3467 1769 3551 iis
1832 3447 2069 3552 fuisse
2102 3469 2498 3563 laborare,
2554 3465 2671 3548 iis
2693 3466 2912 3550 nulla
2945 3466 3129 3551 data
3171 3467 3329 3551 esse
3362 3467 3495 3551 sti-

1153 3574 1486 3687 pendia,
1543 3597 1777 3685 atque
1815 3597 1989 3662 tum
2012 3577 2386 3672 subinde,
2441 3577 2582 3659 ubi
2600 3575 2865 3662 nescio
2882 3605 3057 3685 quae
3078 3603 3498 3690 argumen-

1153 3706 1236 3766 ta
1272 3681 1748 3767 formaverat
1772 3741 1795 3780 ,
1851 3685 2255 3798 nunquam
2288 3688 2582 3771 anobis
2596 3689 3065 3800 proposita,
3118 3689 3509 3800 majorem-

1150 3795 1677 3907 minoremque
1671 3793 1979 3906 falsam
1998 3797 2156 3884 esse
2175 3799 2652 3910 pronunciat
2667 3853 2699 3900 ,
2755 3820 2991 3914 atque
3009 3801 3097 3885 in
3119 3798 3241 3892 his
3263 3828 3521 3991 aggi-⁸
3580 3873 3615 3902 ,.

3435 3936 3500 3992 is
