3931 4906
464 614 603 723 est
645 616 929 720 ullius
971 616 1204 718 clari
1246 619 1476 721 Viri
1525 598 1905 719 meritis·
1936 624 2451 761 quicquam
2493 617 2806 723 defi..

467 759 697 892 here
722 833 753 881 ,
798 792 1106 899 neque
1131 758 1534 854 mentiar
1559 791 1930 877 tamen,
1979 757 2044 858 fi
2070 756 2363 858 libere
2386 795 2806 900 pronun-

460 907 877 1020 ciavem,
905 895 1095 997 hoc
1120 888 1513 996 homine
1539 896 1906 997 nullum
1931 903 2178 999 inter
2205 894 2804 1015 Christianos

308 1102 323 1111 ·
462 1068 886 1180 unquam
966 1031 1293 1134 vixisse
1381 1038 1480 1168 in
1544 1029 2173 1135 Hebraeorum
2241 1032 2806 1138 statutorum

466 1176 1026 1311 'cognitione
1060 1178 1367 1309 magis
1407 1172 1930 1294 eruditum,
2006 1209 2124 1274 an
2169 1181 2267 1273 in
2305 1174 2508 1273 aliis
2534 1176 2810 1274 disci..

466 1318 751 1457 plinis
818 1306 1257 1412 omnibus
1324 1307 1595 1452 fimui
1661 1311 1908 1411 ullus
1963 1321 2474 1414 Parentum
2521 1343 2808 1454 atque

470 1466 909 1555 Avorum
992 1445 1532 1556 nostrorum
1639 1448 2302 1552 recordatione
2387 1456 2812 1553 extiterit

463 1600 867 1733 peritior
931 1624 1217 1735 atque
1273 1595 1880 1691 exercitatior
1928 1664 1955 1711 ,
2050 1587 2252 1689 haec
2297 1620 2451 1688 me
2492 1590 2808 1724 judice

464 1727 861 1879 quaestio
904 1762 1100 1831 non
1140 1730 1730 1830 decernetur.
1842 1739 2090 1834 Non
2135 1727 2551 1833 admiror
2607 1766 2811 1829 am..

466 1875 715 2014 plius
779 1870 934 1972 sed
1000 1865 1330 2010 stupeo
1376 1943 1405 1990 ,
1495 1874 1935 2013 quotiens
2002 1869 2334 1970 oculos
2377 1869 2810 1970 meos‘ad

466 2014 721 2112 illius
767 2008 1111 2147 scripta
1156 2040 1617 2111 converto
1657 2083 1687 2130 ,
1725 2038 1731 2047 ·
1770 2006 2294 2151 judicoque
2334 2044 2638 2128 nunc,
2699 2036 2811 2109 ut

398 2150 403 2155 ’
466 2150 884 2283 judicavi
950 2147 1213 2239 olim.
1253 2148 1691 2280 perlectis
1737 2145 1921 2239 illis
1973 2145 2091 2240 de
2132 2154 2364 2280 Jure
2408 2156 2809 2247 Naturae

468 2297 565 2389 &
586 2284 1045 2383 Gentium
1072 2274 1339 2379 libris
1360 2277 1866 2378 secundum
1891 2277 2516 2381 Hebraeorum
2542 2278 2815 2381 disci..

468 2425 827 2566 plinam
857 2496 884 2543 ‚
954 2426 1118 2563 qui
1167 2418 1675 2521 Seldenum
1718 2449 2155 2522 autorem
2188 2414 2811 2561 profitentur,

415 2648 425 2657 .
468 2556 864 2688 voluisse
887 2591 1319 2662 naturam
1345 2566 1445 2662 in
1475 2556 1668 2660 hoc
1689 2566 1941 2668 Viro
1967 2553 2455 2661 ostendere
2481 2635 2511 2681 ‚
2580 2560 2812 2702 quid

468 2708 960 2840 ingenium
1026 2698 1294 2841 poffit
1352 2697 1877 2802 humanum
1941 2698 2277 2802 affidua
2318 2699 2813 2835 diligentia

452 2843 836 2957 ‚cultum
885 2838 1539 2983 adjutumque.
1657 2845 1811 2940 Sic
1853 2836 2152 2939 sentio
2179 2914 2205 2961 ,
2277 2837 2407 2942 fic
2448 2835 2755 2940 scribo
2782 2912 2812 2960 ,

540 2978 1071 3088 uiade‘hoc
1112 2985 1365 3084 Viro
1410 2978 2027 3081 mediocriter
2071 2980 2388 3081 dicere
2435 3010 2813 3082 tantun-

467 3014 695 3216 dem
740 3113 921 3212 effe
966 3117 1217 3215 duco
1262 3121 1695 3219 acillum
1718 3123 2286 3260 vituperare.
2361 3114 2558 3218 Ubi
2588 3150 2816 3216 vero

372 3367 381 3378 ,
472 3252 983 3357 seldenum
1050 3249 1308 3352 hunc
1359 3253 1781 3353 nostrum
1824 3291 2380 3393 comparare
2423 3251 2817 3354 instituo

345 3501 354 3510 .
469 3393 699 3498 cum
744 3387 1700 3514 Cunaeo‚·fic-etiam
1749 3390 2264 3524 existimo,⁸
2333 3429 2818 3493 eorumJu-
2920 3394 2924 3398 ’
2981 3465 2990 3475 .

470 3566 923 3674 trumque
950 3539 1168 3630 'rem
1204 3526 1617 3632 scientiae
1661 3538 2356 3676 antiquitatum·
2375 3530 2822 3662 Hebraea·-

475 3708 690 3804 rum
755 3675 1139 3807 egregie
1211 3671 1795 3809 promovere
1831 3747 1858 3794 ‚
1951 3672 2177 3772 licet
2230 3671 2821 3806 diversissime

475 3816 853 3960 utrique
912 3805 1026 3913 fit
1070 3804 1559 3914 scribenda
1593 3813 1899 4018 2220..
1982 3805 2384 3968 Cunaeus
2425 3811 2822 4052 quidem

480 4031 513 4072 k
548 4035 585 4046 ..
2702 3985 2824 4056 oc
