<?xml version="1.0" encoding="UTF-8"?>
<!DOCTYPE html PUBLIC "-//W3C//DTD XHTML 1.0 Transitional//EN"
    "http://www.w3.org/TR/xhtml1/DTD/xhtml1-transitional.dtd">
<html xmlns="http://www.w3.org/1999/xhtml" xml:lang="en" lang="en">
 <head>
  <title>
</title>
<meta http-equiv="Content-Type" content="text/html;charset=utf-8" />
  <meta name='ocr-system' content='tesseract 3.04.00' />
  <meta name='ocr-capabilities' content='ocr_page ocr_carea ocr_par ocr_line ocrx_word'/>
</head>
<body>
  <div class='ocr_page' id='page_1' title='image "./campegivitringa00gysegoog_0296.png"; bbox 0 0 3931 4906; ppageno 0'>
   <div class='ocr_carea' id='block_1_1' title="bbox 1113 368 3031 499">
    <p class='ocr_par' dir='ltr' id='par_1_1' title="bbox 1113 368 3031 499">
     <span class='ocr_line' id='line_1_1' title="bbox 1113 368 3031 499; baseline 0.001 -39"><span class='ocrx_word' id='word_1_1' title='bbox 1113 388 1281 499; x_wconf 46' lang='grc' dir='ltr'>,ῳ</span> <span class='ocrx_word' id='word_1_2' title='bbox 1555 368 3031 487; x_wconf 52' lang='lat' dir='ltr'>gc.vfflTRINGA·</span> 
     </span>
    </p>
   </div>
   <div class='ocr_carea' id='block_1_2' title="bbox 1085 516 3565 3996">
    <p class='ocr_par' dir='ltr' id='par_1_2' title="bbox 1085 516 3565 3996">
     <span class='ocr_line' id='line_1_2' title="bbox 1111 516 3479 639; baseline -0.002 -27"><span class='ocrx_word' id='word_1_3' title='bbox 1111 516 1392 639; x_wconf 63' lang='lat' dir='ltr'>ritibus</span> <span class='ocrx_word' id='word_1_4' title='bbox 1433 533 1517 615; x_wconf 70' lang='grc' dir='ltr'>ὃ(</span> <span class='ocrx_word' id='word_1_5' title='bbox 1560 518 2805 607; x_wconf 74' lang='lat' dir='ltr'>constitutionibus-differentem</span> <span class='ocrx_word' id='word_1_6' title='bbox 2845 548 2991 606; x_wconf 85' lang='lat' dir='ltr'>nos</span> <span class='ocrx_word' id='word_1_7' title='bbox 3031 523 3479 635; x_wconf 74' lang='lat' dir='ltr'>turpissime</span> 
     </span>
     <span class='ocr_line' id='line_1_3' title="bbox 1085 629 3476 740; baseline -0.001 -18"><span class='ocrx_word' id='word_1_8' title='bbox 1085 640 1386 731; x_wconf 62' lang='lat' dir='ltr'>,fallere</span> <span class='ocrx_word' id='word_1_9' title='bbox 1407 642 1462 733; x_wconf 83' lang='lat'>‚&#39;</span> <span class='ocrx_word' id='word_1_10' title='bbox 1490 632 1618 716; x_wconf 90' lang='lat' dir='ltr'>vel</span> <span class='ocrx_word' id='word_1_11' title='bbox 1662 631 1933 713; x_wconf 84' lang='lat' dir='ltr'>omnia</span> <span class='ocrx_word' id='word_1_12' title='bbox 1978 630 2113 712; x_wconf 86' lang='lat' dir='ltr'>illa</span> <span class='ocrx_word' id='word_1_13' title='bbox 2132 686 2163 727; x_wconf 84' lang='lat'>,</span> <span class='ocrx_word' id='word_1_14' title='bbox 2221 657 2401 739; x_wconf 84' lang='lat' dir='ltr'>quae</span> <span class='ocrx_word' id='word_1_15' title='bbox 2448 629 2905 740; x_wconf 83' lang='lat' dir='ltr'><em>Scriptores</em></span> <span class='ocrx_word' id='word_1_16' title='bbox 2923 631 3476 719; x_wconf 65' lang='lat' dir='ltr'>Talmudiciin</span> 
     </span>
     <span class='ocr_line' id='line_1_4' title="bbox 1117 737 3478 832; baseline -0.002 -1"><span class='ocrx_word' id='word_1_17' title='bbox 1117 748 1441 832; x_wconf 85' lang='lat' dir='ltr'>Codice</span> <span class='ocrx_word' id='word_1_18' title='bbox 1499 737 1947 826; x_wconf 85' lang='lat' dir='ltr'>Sanhedrin</span> <span class='ocrx_word' id='word_1_19' title='bbox 1987 747 2067 823; x_wconf 73' lang='grc' dir='ltr'>ὃ(</span> <span class='ocrx_word' id='word_1_20' title='bbox 2168 737 2392 823; x_wconf 85' lang='lat' dir='ltr'>asfim</span> <span class='ocrx_word' id='word_1_21' title='bbox 2432 740 2616 823; x_wconf 85' lang='lat' dir='ltr'>alias</span> <span class='ocrx_word' id='word_1_22' title='bbox 2659 742 2887 824; x_wconf 87' lang='lat' dir='ltr'>nobis</span> <span class='ocrx_word' id='word_1_23' title='bbox 2927 743 3031 823; x_wconf 91' lang='lat' dir='ltr'>de</span> <span class='ocrx_word' id='word_1_24' title='bbox 3072 743 3138 826; x_wconf 87' lang='lat' dir='ltr'><em>S</em></span> <span class='ocrx_word' id='word_1_25' title='bbox 3176 741 3478 827; x_wconf 60' lang='lat' dir='ltr'>nedritk·</span> 
     </span>
     <span class='ocr_line' id='line_1_5' title="bbox 1115 846 3478 973; baseline -0.002 -36"><span class='ocrx_word' id='word_1_26' title='bbox 1115 859 1200 944; x_wconf 92' lang='lat' dir='ltr'><em>T</em></span> <span class='ocrx_word' id='word_1_27' title='bbox 1185 847 1864 938; x_wconf 74' lang='lat' dir='ltr'>rium-Wralibus</span> <span class='ocrx_word' id='word_1_28' title='bbox 1926 864 2071 930; x_wconf 87' lang='lat' dir='ltr'>aut</span> <span class='ocrx_word' id='word_1_29' title='bbox 2204 846 3078 973; x_wconf 67' lang='lat' dir='ltr'>iginti-Trium-Virah</span> <span class='ocrx_word' id='word_1_30' title='bbox 3133 879 3227 934; x_wconf 84' lang='lat' dir='ltr'>us</span> <span class='ocrx_word' id='word_1_31' title='bbox 3286 850 3478 947; x_wconf 59' lang='lat' dir='ltr'>asse,-</span> 
     </span>
     <span class='ocr_line' id='line_1_6' title="bbox 1117 960 3479 1151; baseline -0.003 -101"><span class='ocrx_word' id='word_1_32' title='bbox 1117 987 1353 1062; x_wconf 89' lang='lat' dir='ltr'>runt‚</span> <span class='ocrx_word' id='word_1_33' title='bbox 1439 961 1850 1076; x_wconf 90' lang='lat' dir='ltr'>[quorum</span> <span class='ocrx_word' id='word_1_34' title='bbox 1907 988 1965 1083; x_wconf 79' lang='lat'>‚¹¹</span> <span class='ocrx_word' id='word_1_35' title='bbox 2078 985 2179 1041; x_wconf 88' lang='lat' dir='ltr'>ue</span> <span class='ocrx_word' id='word_1_36' title='bbox 2219 987 2301 1041; x_wconf 85' lang='lat' dir='ltr'>m</span> <span class='ocrx_word' id='word_1_37' title='bbox 2342 960 2755 1151; x_wconf 57' lang='lat' dir='ltr'>Scrffitura</span> <span class='ocrx_word' id='word_1_38' title='bbox 2792 989 3058 1072; x_wconf 83' lang='lat' dir='ltr'>neque</span> <span class='ocrx_word' id='word_1_39' title='bbox 3096 961 3315 1073; x_wconf 89' lang='lat' dir='ltr'>apud</span> <span class='ocrx_word' id='word_1_40' title='bbox 3334 960 3479 1059; x_wconf 45' lang='lat' dir='ltr'>-qu</span> 
     </span>
     <span class='ocr_line' id='line_1_7' title="bbox 1101 1066 3523 1184; baseline 0 -29"><span class='ocrx_word' id='word_1_41' title='bbox 1101 1073 1434 1184; x_wconf 68' lang='lat' dir='ltr'>ftphum</span> <span class='ocrx_word' id='word_1_42' title='bbox 1469 1071 1638 1154; x_wconf 89' lang='lat' dir='ltr'>ulla</span> <span class='ocrx_word' id='word_1_43' title='bbox 1676 1087 1983 1151; x_wconf 81' lang='lat' dir='ltr'>mentm</span> <span class='ocrx_word' id='word_1_44' title='bbox 2107 1066 2265 1169; x_wconf 85' lang='lat' dir='ltr'>esse</span> <span class='ocrx_word' id='word_1_45' title='bbox 2314 1066 2484 1151; x_wconf 78' lang='lat' dir='ltr'>falsi</span> <span class='ocrx_word' id='word_1_46' title='bbox 2581 1098 2709 1152; x_wconf 89' lang='lat' dir='ltr'>ma</span> <span class='ocrx_word' id='word_1_47' title='bbox 2744 1078 2828 1155; x_wconf 85' lang='lat'>&amp;</span> <span class='ocrx_word' id='word_1_48' title='bbox 2870 1094 2969 1155; x_wconf 81' lang='lat' dir='ltr'>ex</span> <span class='ocrx_word' id='word_1_49' title='bbox 2995 1070 3139 1155; x_wconf 90' lang='lat' dir='ltr'>suo</span> <span class='ocrx_word' id='word_1_50' title='bbox 3160 1070 3482 1154; x_wconf 87' lang='lat' dir='ltr'>cerebro</span> <span class='ocrx_word' id='word_1_51' title='bbox 3516 1146 3523 1155; x_wconf 83' lang='grc'><strong><em>,</em></strong></span> 
     </span>
     <span class='ocr_line' id='line_1_8' title="bbox 1119 1174 3486 1292; baseline -0.002 -27"><span class='ocrx_word' id='word_1_52' title='bbox 1119 1181 1488 1266; x_wconf 52' lang='lat' dir='ltr'>conficta.</span> <span class='ocrx_word' id='word_1_53' title='bbox 1563 1178 1874 1262; x_wconf 89' lang='lat' dir='ltr'><strong>Utrum</strong></span> <span class='ocrx_word' id='word_1_54' title='bbox 1935 1174 2314 1287; x_wconf 56' lang='lat' dir='ltr'>amplecti</span> <span class='ocrx_word' id='word_1_55' title='bbox 2372 1179 2624 1278; x_wconf 78' lang='lat' dir='ltr'>velis,</span> <span class='ocrx_word' id='word_1_56' title='bbox 2691 1180 2928 1292; x_wconf 81' lang='lat' dir='ltr'><strong>elige.</strong></span> <span class='ocrx_word' id='word_1_57' title='bbox 2992 1181 3196 1264; x_wconf 89' lang='lat' dir='ltr'>Sane</span> <span class='ocrx_word' id='word_1_58' title='bbox 3234 1179 3486 1279; x_wconf 85' lang='lat' dir='ltr'>mihi,</span> 
     </span>
     <span class='ocr_line' id='line_1_9' title="bbox 1120 1286 3485 1403; baseline -0.001 -28"><span class='ocrx_word' id='word_1_59' title='bbox 1120 1294 1253 1377; x_wconf 86' lang='lat' dir='ltr'>cui</span> <span class='ocrx_word' id='word_1_60' title='bbox 1295 1288 1983 1373; x_wconf 81' lang='lat' dir='ltr'>Talmudistarum</span> <span class='ocrx_word' id='word_1_61' title='bbox 2021 1286 2219 1369; x_wconf 81' lang='lat' dir='ltr'>fides</span> <span class='ocrx_word' id='word_1_62' title='bbox 2260 1288 2343 1371; x_wconf 91' lang='lat' dir='ltr'>in</span> <span class='ocrx_word' id='word_1_63' title='bbox 2387 1289 2755 1400; x_wconf 87' lang='lat' dir='ltr'><strong>plurimis</strong></span> <span class='ocrx_word' id='word_1_64' title='bbox 2790 1290 3289 1403; x_wconf 73' lang='lat' dir='ltr'>argumentis</span> <span class='ocrx_word' id='word_1_65' title='bbox 3306 1317 3485 1373; x_wconf 87' lang='lat' dir='ltr'>om·</span> 
     </span>
     <span class='ocr_line' id='line_1_10' title="bbox 1123 1395 3486 1511; baseline -0.001 -26"><span class='ocrx_word' id='word_1_66' title='bbox 1123 1404 1210 1486; x_wconf 89' lang='lat' dir='ltr'>ni</span> <span class='ocrx_word' id='word_1_67' title='bbox 1269 1400 1403 1483; x_wconf 91' lang='lat' dir='ltr'>die</span> <span class='ocrx_word' id='word_1_68' title='bbox 1463 1399 1715 1511; x_wconf 86' lang='lat' dir='ltr'>magis</span> <span class='ocrx_word' id='word_1_69' title='bbox 1755 1396 2171 1509; x_wconf 80' lang='lat' dir='ltr'>magisque</span> <span class='ocrx_word' id='word_1_70' title='bbox 2209 1395 2561 1511; x_wconf 54' lang='lat' dir='ltr'>suspecta</span> <span class='ocrx_word' id='word_1_71' title='bbox 2598 1400 2892 1507; x_wconf 88' lang='lat' dir='ltr'>incipit</span> <span class='ocrx_word' id='word_1_72' title='bbox 2930 1399 3090 1485; x_wconf 84' lang='lat' dir='ltr'>esse</span> <span class='ocrx_word' id='word_1_73' title='bbox 3112 1456 3140 1497; x_wconf 87' lang='lat'><em>,</em></span> <span class='ocrx_word' id='word_1_74' title='bbox 3196 1420 3289 1482; x_wconf 91' lang='lat' dir='ltr'>ut</span> <span class='ocrx_word' id='word_1_75' title='bbox 3312 1403 3486 1506; x_wconf 87' lang='lat' dir='ltr'>jam</span> 
     </span>
     <span class='ocr_line' id='line_1_11' title="bbox 1124 1505 3483 1615; baseline -0.004 -21"><span class='ocrx_word' id='word_1_76' title='bbox 1124 1510 1435 1595; x_wconf 88' lang='lat' dir='ltr'>dudum</span> <span class='ocrx_word' id='word_1_77' title='bbox 1478 1508 1637 1591; x_wconf 91' lang='lat' dir='ltr'>fuit</span> <span class='ocrx_word' id='word_1_78' title='bbox 1694 1526 1927 1601; x_wconf 85' lang='lat' dir='ltr'>ante,</span> <span class='ocrx_word' id='word_1_79' title='bbox 2001 1507 2085 1585; x_wconf 89' lang='lat' dir='ltr'>in</span> <span class='ocrx_word' id='word_1_80' title='bbox 2132 1505 2692 1613; x_wconf 80' lang='lat' dir='ltr'>asseveratione</span> <span class='ocrx_word' id='word_1_81' title='bbox 2722 1507 3114 1613; x_wconf 71' lang='lat' dir='ltr'>eJ‘usmodi</span> <span class='ocrx_word' id='word_1_82' title='bbox 3134 1560 3163 1601; x_wconf 85' lang='grc'>,</span> <span class='ocrx_word' id='word_1_83' title='bbox 3222 1508 3483 1615; x_wconf 78' lang='lat' dir='ltr'>qualis</span> 
     </span>
     <span class='ocr_line' id='line_1_12' title="bbox 1123 1608 3484 1736; baseline -0.005 -32"><span class='ocrx_word' id='word_1_84' title='bbox 1123 1620 1298 1706; x_wconf 80' lang='lat' dir='ltr'>haec</span> <span class='ocrx_word' id='word_1_85' title='bbox 1337 1618 1447 1701; x_wconf 88' lang='lat' dir='ltr'>est</span> <span class='ocrx_word' id='word_1_86' title='bbox 1492 1615 1817 1729; x_wconf 82' lang='lat' dir='ltr'>praesens</span> <span class='ocrx_word' id='word_1_87' title='bbox 1841 1671 1867 1710; x_wconf 84' lang='lat'>‚</span> <span class='ocrx_word' id='word_1_88' title='bbox 1923 1608 2461 1736; x_wconf 81' lang='lat' dir='ltr'>aequisfimum</span> <span class='ocrx_word' id='word_1_89' title='bbox 2498 1611 2815 1696; x_wconf 87' lang='lat' dir='ltr'>videtur</span> <span class='ocrx_word' id='word_1_90' title='bbox 2836 1633 3148 1697; x_wconf 84' lang='lat' dir='ltr'>tantum</span> <span class='ocrx_word' id='word_1_91' title='bbox 3167 1611 3484 1721; x_wconf 85' lang='lat' dir='ltr'>Iosepho</span> 
     </span>
     <span class='ocr_line' id='line_1_13' title="bbox 1126 1720 3488 1834; baseline -0.003 -22"><span class='ocrx_word' id='word_1_92' title='bbox 1126 1730 1315 1813; x_wconf 87' lang='lat' dir='ltr'>dare</span> <span class='ocrx_word' id='word_1_93' title='bbox 1353 1731 1456 1812; x_wconf 93' lang='lat' dir='ltr'>de</span> <span class='ocrx_word' id='word_1_94' title='bbox 1493 1727 1648 1810; x_wconf 88' lang='lat' dir='ltr'>suis</span> <span class='ocrx_word' id='word_1_95' title='bbox 1689 1747 2075 1833; x_wconf 81' lang='lat' dir='ltr'>temporis</span> <span class='ocrx_word' id='word_1_96' title='bbox 2117 1721 2471 1803; x_wconf 90' lang='lat' dir='ltr'>moribus</span> <span class='ocrx_word' id='word_1_97' title='bbox 2510 1720 2930 1833; x_wconf 87' lang='lat' dir='ltr'>loquenti,</span> <span class='ocrx_word' id='word_1_98' title='bbox 2985 1742 3079 1821; x_wconf 84' lang='lat' dir='ltr'>ut</span> <span class='ocrx_word' id='word_1_99' title='bbox 3119 1721 3268 1834; x_wconf 69' lang='lat' dir='ltr'>ipsi</span> <span class='ocrx_word' id='word_1_100' title='bbox 3305 1722 3488 1833; x_wconf 85' lang='lat' dir='ltr'>plus</span> 
     </span>
     <span class='ocr_line' id='line_1_14' title="bbox 1133 1828 3491 1951; baseline -0.004 -28"><span class='ocrx_word' id='word_1_101' title='bbox 1133 1866 1380 1951; x_wconf 85' lang='lat' dir='ltr'>quam</span> <span class='ocrx_word' id='word_1_102' title='bbox 1422 1834 1932 1919; x_wconf 82' lang='lat' dir='ltr'>Talmudicis</span> <span class='ocrx_word' id='word_1_103' title='bbox 1970 1829 2406 1912; x_wconf 85' lang='lat' dir='ltr'>tribuamus</span> <span class='ocrx_word' id='word_1_104' title='bbox 2449 1830 2694 1930; x_wconf 89' lang='lat' dir='ltr'>fidei,</span> <span class='ocrx_word' id='word_1_105' title='bbox 2751 1831 2894 1916; x_wconf 82' lang='lat' dir='ltr'>nisi</span> <span class='ocrx_word' id='word_1_106' title='bbox 2932 1832 3164 1915; x_wconf 89' lang='lat' dir='ltr'>illum</span> <span class='ocrx_word' id='word_1_107' title='bbox 3186 1859 3341 1944; x_wconf 89' lang='lat' dir='ltr'>pto</span> <span class='ocrx_word' id='word_1_108' title='bbox 3362 1828 3491 1914; x_wconf 87' lang='lat' dir='ltr'>fu-</span> 
     </span>
     <span class='ocr_line' id='line_1_15' title="bbox 1129 1939 3493 2052; baseline -0.002 -22"><span class='ocrx_word' id='word_1_109' title='bbox 1129 1947 1495 2031; x_wconf 80' lang='lat' dir='ltr'>tilis&#39;fimo</span> <span class='ocrx_word' id='word_1_110' title='bbox 1530 1939 1968 2052; x_wconf 88' lang='lat' dir='ltr'>impostore</span> <span class='ocrx_word' id='word_1_111' title='bbox 1999 1939 2343 2037; x_wconf 80' lang='lat' dir='ltr'>velimus</span> <span class='ocrx_word' id='word_1_112' title='bbox 2365 1939 2668 2049; x_wconf 78' lang='lat' dir='ltr'>habere.</span> <span class='ocrx_word' id='word_1_113' title='bbox 2732 1941 2893 2051; x_wconf 84' lang='lat' dir='ltr'>Sed</span> <span class='ocrx_word' id='word_1_114' title='bbox 2912 1943 3108 2025; x_wconf 88' lang='lat' dir='ltr'>tanti</span> <span class='ocrx_word' id='word_1_115' title='bbox 3131 1968 3493 2025; x_wconf 88' lang='lat' dir='ltr'>momen·</span> 
     </span>
     <span class='ocr_line' id='line_1_16' title="bbox 1131 2048 3496 2166; baseline -0.002 -28"><span class='ocrx_word' id='word_1_116' title='bbox 1131 2060 1200 2138; x_wconf 89' lang='lat' dir='ltr'>ti</span> <span class='ocrx_word' id='word_1_117' title='bbox 1242 2057 1399 2137; x_wconf 91' lang='lat' dir='ltr'>hoc</span> <span class='ocrx_word' id='word_1_118' title='bbox 1442 2051 1931 2166; x_wconf 81' lang='lat' dir='ltr'>postulatum</span> <span class='ocrx_word' id='word_1_119' title='bbox 1970 2048 2083 2131; x_wconf 71' lang='lat' dir='ltr'>&#39;est</span> <span class='ocrx_word' id='word_1_120' title='bbox 2105 2105 2133 2147; x_wconf 89' lang='lat'>‚</span> <span class='ocrx_word' id='word_1_121' title='bbox 2188 2071 2282 2131; x_wconf 88' lang='lat' dir='ltr'>ut</span> <span class='ocrx_word' id='word_1_122' title='bbox 2319 2078 2477 2163; x_wconf 87' lang='lat' dir='ltr'>ego</span> <span class='ocrx_word' id='word_1_123' title='bbox 2516 2052 2663 2161; x_wconf 88' lang='lat' dir='ltr'>qui</span> <span class='ocrx_word' id='word_1_124' title='bbox 2716 2076 3047 2157; x_wconf 66' lang='lat' dir='ltr'>§mmea</span> <span class='ocrx_word' id='word_1_125' title='bbox 3066 2050 3496 2165; x_wconf 86' lang='lat' dir='ltr'>scriptione</span> 
     </span>
     <span class='ocr_line' id='line_1_17' title="bbox 1129 2159 3498 2284; baseline -0.002 -35"><span class='ocrx_word' id='word_1_126' title='bbox 1129 2162 1225 2249; x_wconf 82' lang='lat' dir='ltr'>&#39;id</span> <span class='ocrx_word' id='word_1_127' title='bbox 1313 2164 1537 2247; x_wconf 63' lang='lat' dir='ltr'>rotius</span> <span class='ocrx_word' id='word_1_128' title='bbox 1580 2160 2046 2271; x_wconf 85' lang='lat' dir='ltr'>ambiguum</span> <span class='ocrx_word' id='word_1_129' title='bbox 2086 2159 2532 2284; x_wconf 76' lang='lat' dir='ltr'>relinquere</span> <span class='ocrx_word' id='word_1_130' title='bbox 2565 2189 2696 2244; x_wconf 87' lang='lat' dir='ltr'>ma</span> <span class='ocrx_word' id='word_1_131' title='bbox 2730 2162 2838 2245; x_wconf 89' lang='lat' dir='ltr'>im</span> <span class='ocrx_word' id='word_1_132' title='bbox 2864 2190 3113 2275; x_wconf 84' lang='lat' dir='ltr'>quam</span> <span class='ocrx_word' id='word_1_133' title='bbox 3132 2162 3498 2247; x_wconf 68' lang='lat' dir='ltr'>audaster</span> 
     </span>
     <span class='ocr_line' id='line_1_18' title="bbox 1129 2192 3498 2393; baseline -0.001 -37"><span class='ocrx_word' id='word_1_134' title='bbox 1129 2192 1501 2385; x_wconf 36' lang='lat' dir='ltr'>delenire.</span> <span class='ocrx_word' id='word_1_135' title='bbox 1580 2272 1777 2356; x_wconf 92' lang='lat' dir='ltr'>Hoc</span> <span class='ocrx_word' id='word_1_136' title='bbox 1819 2269 2080 2352; x_wconf 90' lang='lat' dir='ltr'>solum</span> <span class='ocrx_word' id='word_1_137' title='bbox 2118 2268 2484 2393; x_wconf 76' lang='lat' dir='ltr'>adjiciam</span> <span class='ocrx_word' id='word_1_138' title='bbox 2508 2326 2536 2369; x_wconf 88' lang='lat'>,</span> <span class='ocrx_word' id='word_1_139' title='bbox 2596 2272 2826 2383; x_wconf 87' lang='lat' dir='ltr'>quod</span> <span class='ocrx_word' id='word_1_140' title='bbox 2866 2274 2971 2355; x_wconf 89' lang='lat' dir='ltr'>ad</span> <span class='ocrx_word' id='word_1_141' title='bbox 3008 2299 3176 2356; x_wconf 88' lang='lat' dir='ltr'>rem</span> <span class='ocrx_word' id='word_1_142' title='bbox 3214 2271 3498 2354; x_wconf 82' lang='lat' dir='ltr'>attinet</span> 
     </span>
     <span class='ocr_line' id='line_1_19' title="bbox 1135 2377 3498 2497; baseline -0.001 -29"><span class='ocrx_word' id='word_1_143' title='bbox 1135 2382 1597 2497; x_wconf 74' lang='lat' dir='ltr'>praesentem</span> <span class='ocrx_word' id='word_1_144' title='bbox 1620 2436 1646 2480; x_wconf 86' lang='lat'>,</span> <span class='ocrx_word' id='word_1_145' title='bbox 1721 2379 1784 2465; x_wconf 83' lang='lat' dir='ltr'>sl</span> <span class='ocrx_word' id='word_1_146' title='bbox 1844 2377 2152 2491; x_wconf 69' lang='lat' dir='ltr'><em>Joftpht</em></span> <span class='ocrx_word' id='word_1_147' title='bbox 2211 2377 2530 2465; x_wconf 85' lang='lat' dir='ltr'>afferto·</span> <span class='ocrx_word' id='word_1_148' title='bbox 2554 2379 2684 2466; x_wconf 89' lang='lat' dir='ltr'>sua</span> <span class='ocrx_word' id='word_1_149' title='bbox 2735 2378 3123 2469; x_wconf 87' lang='lat' dir='ltr'>constaret</span> <span class='ocrx_word' id='word_1_150' title='bbox 3161 2383 3498 2480; x_wconf 76' lang='lat' dir='ltr'>veritaS,</span> 
     </span>
     <span class='ocr_line' id='line_1_20' title="bbox 1138 2491 3503 2614; baseline -0.001 -36"><span class='ocrx_word' id='word_1_151' title='bbox 1138 2514 1316 2578; x_wconf 89' lang='lat' dir='ltr'>tum</span> <span class='ocrx_word' id='word_1_152' title='bbox 1378 2493 1712 2604; x_wconf 90' lang='lat' dir='ltr'>quidem</span> <span class='ocrx_word' id='word_1_153' title='bbox 1775 2513 2114 2601; x_wconf 89' lang='lat' dir='ltr'>optume</span> <span class='ocrx_word' id='word_1_154' title='bbox 2174 2517 2325 2572; x_wconf 88' lang='lat' dir='ltr'>nos</span> <span class='ocrx_word' id='word_1_155' title='bbox 2366 2492 2800 2586; x_wconf 84' lang='lat' dir='ltr'>monstrare</span> <span class='ocrx_word' id='word_1_156' title='bbox 2835 2496 3065 2614; x_wconf 85' lang='lat' dir='ltr'>posse</span> <span class='ocrx_word' id='word_1_157' title='bbox 3106 2491 3503 2605; x_wconf 87' lang='lat' dir='ltr'>originem</span> 
     </span>
     <span class='ocr_line' id='line_1_21' title="bbox 1138 2595 3501 2707; baseline 0 -24"><span class='ocrx_word' id='word_1_158' title='bbox 1138 2606 1192 2683; x_wconf 68' lang='lat'><em>0⁶1⁰-</em></span> <span class='ocrx_word' id='word_1_159' title='bbox 1241 2618 1375 2700; x_wconf 68' lang='lat' dir='ltr'>‘W</span> <span class='ocrx_word' id='word_1_160' title='bbox 1417 2618 1586 2690; x_wconf 56' lang='lat' dir='ltr'>*mm</span> <span class='ocrx_word' id='word_1_161' title='bbox 1630 2615 1911 2695; x_wconf 59' lang='grc' dir='ltr'>Πνὲιῦ</span> <span class='ocrx_word' id='word_1_162' title='bbox 1934 2600 2244 2707; x_wconf 58' lang='lat' dir='ltr'>septem</span> <span class='ocrx_word' id='word_1_163' title='bbox 2276 2595 2644 2680; x_wconf 74' lang='lat' dir='ltr'>bonorum</span> <span class='ocrx_word' id='word_1_164' title='bbox 2680 2597 3107 2685; x_wconf 82' lang='lat' dir='ltr'>Civttatis.</span> <span class='ocrx_word' id='word_1_165' title='bbox 3172 2602 3501 2684; x_wconf 73' lang='lat' dir='ltr'>Scilicet</span> 
     </span>
     <span class='ocr_line' id='line_1_22' title="bbox 1141 2704 3507 2820; baseline -0.004 -23"><span class='ocrx_word' id='word_1_166' title='bbox 1141 2714 1227 2797; x_wconf 88' lang='lat' dir='ltr'>in</span> <span class='ocrx_word' id='word_1_167' title='bbox 1285 2705 1797 2820; x_wconf 77' lang='lat' dir='ltr'>Captivitate</span> <span class='ocrx_word' id='word_1_168' title='bbox 1853 2726 1990 2787; x_wconf 85' lang='lat' dir='ltr'>aut</span> <span class='ocrx_word' id='word_1_169' title='bbox 2048 2731 2131 2785; x_wconf 87' lang='lat' dir='ltr'>re</span> <span class='ocrx_word' id='word_1_170' title='bbox 2188 2704 2502 2788; x_wconf 87' lang='lat' dir='ltr'>ionibus</span> <span class='ocrx_word' id='word_1_171' title='bbox 2566 2725 2790 2818; x_wconf 59' lang='lat' dir='ltr'>extra</span> <span class='ocrx_word' id='word_1_172' title='bbox 2837 2728 3127 2798; x_wconf 85' lang='lat' dir='ltr'>terram</span> <span class='ocrx_word' id='word_1_173' title='bbox 3169 2709 3248 2791; x_wconf 91' lang='lat' dir='ltr'>C</span> <span class='ocrx_word' id='word_1_174' title='bbox 3350 2718 3507 2802; x_wconf 79' lang='lat' dir='ltr'>aan&#39;</span> 
     </span>
     <span class='ocr_line' id='line_1_23' title="bbox 1137 2814 3500 2924; baseline -0.006 -17"><span class='ocrx_word' id='word_1_175' title='bbox 1137 2823 1305 2907; x_wconf 89' lang='lat' dir='ltr'>hoc</span> <span class='ocrx_word' id='word_1_176' title='bbox 1407 2839 1717 2903; x_wconf 90' lang='lat' dir='ltr'>utamus</span> <span class='ocrx_word' id='word_1_177' title='bbox 1760 2814 2117 2897; x_wconf 84' lang='lat' dir='ltr'>obtinuis</span> <span class='ocrx_word' id='word_1_178' title='bbox 2149 2839 2241 2909; x_wconf 87' lang='lat' dir='ltr'>e,</span> <span class='ocrx_word' id='word_1_179' title='bbox 2296 2833 2387 2896; x_wconf 89' lang='lat' dir='ltr'>ut</span> <span class='ocrx_word' id='word_1_180' title='bbox 2410 2867 2436 2910; x_wconf 87' lang='lat'>,</span> <span class='ocrx_word' id='word_1_181' title='bbox 2495 2815 3103 2924; x_wconf 83' lang='lat' dir='ltr'>quoniaminiis</span> <span class='ocrx_word' id='word_1_182' title='bbox 3128 2845 3291 2899; x_wconf 86' lang='lat' dir='ltr'>non</span> <span class='ocrx_word' id='word_1_183' title='bbox 3347 2818 3500 2924; x_wconf 69' lang='lat' dir='ltr'>‘ce-j</span> 
     </span>
     <span class='ocr_line' id='line_1_24' title="bbox 1145 2848 3508 3043; baseline -0.005 -27"><span class='ocrx_word' id='word_1_184' title='bbox 1145 2933 1282 3016; x_wconf 83' lang='lat' dir='ltr'>bat</span> <span class='ocrx_word' id='word_1_185' title='bbox 1329 2848 1662 3043; x_wconf 55' lang='lat' dir='ltr'>fudices</span> <span class='ocrx_word' id='word_1_186' title='bbox 1706 2934 1789 3009; x_wconf 87' lang='lat'>&amp;</span> <span class='ocrx_word' id='word_1_187' title='bbox 1831 2925 1986 3008; x_wconf 95' lang='lat' dir='ltr'>Ma</span> <span class='ocrx_word' id='word_1_188' title='bbox 2043 2921 2346 3007; x_wconf 82' lang='lat' dir='ltr'>istratus</span> <span class='ocrx_word' id='word_1_189' title='bbox 2386 2920 2673 3006; x_wconf 84' lang='lat' dir='ltr'>habere</span> <span class='ocrx_word' id='word_1_190' title='bbox 2694 2923 3087 3024; x_wconf 76' lang='lat' dir='ltr'>Politicos</span> <span class='ocrx_word' id='word_1_191' title='bbox 3109 2983 3138 3025; x_wconf 89' lang='lat'>‚</span> <span class='ocrx_word' id='word_1_192' title='bbox 3194 2923 3298 3008; x_wconf 91' lang='lat' dir='ltr'>ad</span> <span class='ocrx_word' id='word_1_193' title='bbox 3336 2920 3508 3010; x_wconf 58' lang='lat' dir='ltr'>for,-</span> 
     </span>
     <span class='ocr_line' id='line_1_25' title="bbox 1148 3027 3505 3147; baseline -0.003 -21"><span class='ocrx_word' id='word_1_194' title='bbox 1148 3069 1364 3127; x_wconf 89' lang='lat' dir='ltr'>mam</span> <span class='ocrx_word' id='word_1_195' title='bbox 1425 3047 1507 3123; x_wconf 88' lang='lat'>&amp;</span> <span class='ocrx_word' id='word_1_196' title='bbox 1560 3036 1609 3118; x_wconf 87' lang='lat' dir='ltr'>s</span> <span class='ocrx_word' id='word_1_197' title='bbox 1655 3036 1908 3118; x_wconf 85' lang='lat' dir='ltr'>eciem</span> <span class='ocrx_word' id='word_1_198' title='bbox 2070 3031 2509 3147; x_wconf 80' lang='lat' dir='ltr'>agtstratus</span> <span class='ocrx_word' id='word_1_199' title='bbox 2548 3030 2853 3117; x_wconf 81' lang='lat' dir='ltr'>Civilis</span> <span class='ocrx_word' id='word_1_200' title='bbox 2873 3100 2909 3133; x_wconf 83' lang='lat'><em>,</em></span> <span class='ocrx_word' id='word_1_201' title='bbox 2966 3027 3381 3147; x_wconf 83' lang='lat' dir='ltr'>quondam</span> <span class='ocrx_word' id='word_1_202' title='bbox 3423 3037 3505 3119; x_wconf 87' lang='lat' dir='ltr'>in</span> 
     </span>
     <span class='ocr_line' id='line_1_26' title="bbox 1155 3140 3506 3252; baseline -0.006 -14"><span class='ocrx_word' id='word_1_203' title='bbox 1155 3156 1479 3238; x_wconf 86' lang='lat' dir='ltr'>Canaan</span> <span class='ocrx_word' id='word_1_204' title='bbox 1610 3148 1782 3228; x_wconf 78' lang='lat' dir='ltr'>itati</span> <span class='ocrx_word' id='word_1_205' title='bbox 1803 3201 1831 3242; x_wconf 86' lang='lat'>‚</span> <span class='ocrx_word' id='word_1_206' title='bbox 1887 3145 2369 3228; x_wconf 85' lang='lat' dir='ltr'>instituerint</span> <span class='ocrx_word' id='word_1_207' title='bbox 2406 3140 3034 3252; x_wconf 80' lang='lat' dir='ltr'>Presbyterium</span> <span class='ocrx_word' id='word_1_208' title='bbox 3075 3146 3237 3232; x_wconf 89' lang='lat' dir='ltr'>five</span> <span class='ocrx_word' id='word_1_209' title='bbox 3258 3145 3506 3246; x_wconf 45' lang='lat' dir='ltr'>Colle?</span> 
     </span>
     <span class='ocr_line' id='line_1_27' title="bbox 1141 3249 3511 3376; baseline -0.001 -35"><span class='ocrx_word' id='word_1_210' title='bbox 1141 3263 1366 3376; x_wconf 85' lang='lat' dir='ltr'>gium</span> <span class='ocrx_word' id='word_1_211' title='bbox 1441 3258 1511 3343; x_wconf 90' lang='lat' dir='ltr'><em>S</em></span> <span class='ocrx_word' id='word_1_212' title='bbox 1506 3258 1850 3338; x_wconf 81' lang='lat' dir='ltr'>eniorum</span> <span class='ocrx_word' id='word_1_213' title='bbox 1911 3249 1998 3336; x_wconf 68' lang='lat' dir='ltr'>in</span> <span class='ocrx_word' id='word_1_214' title='bbox 2052 3252 2485 3370; x_wconf 76' lang='lat' dir='ltr'>Synagogis</span> <span class='ocrx_word' id='word_1_215' title='bbox 2518 3311 2547 3354; x_wconf 90' lang='lat'>,</span> <span class='ocrx_word' id='word_1_216' title='bbox 2644 3277 2888 3367; x_wconf 88' lang='lat' dir='ltr'>atque</span> <span class='ocrx_word' id='word_1_217' title='bbox 2966 3256 3157 3340; x_wconf 89' lang='lat' dir='ltr'>hinc</span> <span class='ocrx_word' id='word_1_218' title='bbox 3237 3252 3511 3367; x_wconf 38' lang='lat' dir='ltr'>trib-us</span> 
     </span>
     <span class='ocr_line' id='line_1_28' title="bbox 1121 3363 3565 3479; baseline -0.003 -22"><span class='ocrx_word' id='word_1_219' title='bbox 1121 3380 1490 3458; x_wconf 58' lang='lat' dir='ltr'>-tffonn</span> <span class='ocrx_word' id='word_1_220' title='bbox 1545 3363 2026 3479; x_wconf 72' lang='lat' dir='ltr'>Pastoribt‘cs</span> <span class='ocrx_word' id='word_1_221' title='bbox 2084 3365 2292 3472; x_wconf 63' lang='lat' dir='ltr'>Syna</span> <span class='ocrx_word' id='word_1_222' title='bbox 2367 3393 2496 3478; x_wconf 79' lang='lat' dir='ltr'>gae</span> <span class='ocrx_word' id='word_1_223' title='bbox 2554 3384 2681 3446; x_wconf 86' lang='lat' dir='ltr'>tot</span> <span class='ocrx_word' id='word_1_224' title='bbox 2735 3367 3242 3470; x_wconf 82' lang='lat' dir='ltr'>addiderint,</span> <span class='ocrx_word' id='word_1_225' title='bbox 3361 3383 3510 3447; x_wconf 89' lang='lat' dir='ltr'>uot</span> <span class='ocrx_word' id='word_1_226' title='bbox 3550 3437 3565 3450; x_wconf 86' lang='lat'><em>.</em></span> 
     </span>
     <span class='ocr_line' id='line_1_29' title="bbox 1151 3473 3509 3590; baseline -0.002 -32"><span class='ocrx_word' id='word_1_227' title='bbox 1151 3480 1488 3590; x_wconf 26' lang='lat' dir='ltr'>,quidem</span> <span class='ocrx_word' id='word_1_228' title='bbox 1533 3478 1746 3559; x_wconf 89' lang='lat' dir='ltr'>hunc</span> <span class='ocrx_word' id='word_1_229' title='bbox 1785 3475 2199 3564; x_wconf 71' lang='lat' dir='ltr'>num&#39;e&#39;rum</span> <span class='ocrx_word' id='word_1_230' title='bbox 2302 3473 2796 3588; x_wconf 83' lang='lat' dir='ltr'>eptenarium</span> <span class='ocrx_word' id='word_1_231' title='bbox 2831 3496 3203 3589; x_wconf 88' lang='lat' dir='ltr'>poterant</span> <span class='ocrx_word' id='word_1_232' title='bbox 3238 3504 3284 3557; x_wconf 89' lang='lat' dir='ltr'>e</span> <span class='ocrx_word' id='word_1_233' title='bbox 3378 3501 3509 3555; x_wconf 87' lang='lat' dir='ltr'>ce-</span> 
     </span>
     <span class='ocr_line' id='line_1_30' title="bbox 1155 3583 3511 3699; baseline 0.001 -32"><span class='ocrx_word' id='word_1_234' title='bbox 1155 3613 1266 3667; x_wconf 90' lang='lat' dir='ltr'>re.</span> <span class='ocrx_word' id='word_1_235' title='bbox 1351 3587 1657 3695; x_wconf 87' lang='lat' dir='ltr'>Cogita</span> <span class='ocrx_word' id='word_1_236' title='bbox 1676 3641 1704 3683; x_wconf 89' lang='lat'>‚</span> <span class='ocrx_word' id='word_1_237' title='bbox 1779 3585 2074 3673; x_wconf 62' lang='lat' dir='ltr'>Lector</span> <span class='ocrx_word' id='word_1_238' title='bbox 2093 3583 2131 3685; x_wconf 74' lang='grc'>,’</span> <span class='ocrx_word' id='word_1_239' title='bbox 2197 3587 2300 3669; x_wconf 86' lang='lat' dir='ltr'>de</span> <span class='ocrx_word' id='word_1_240' title='bbox 2359 3585 2480 3670; x_wconf 85' lang='lat' dir='ltr'>his</span> <span class='ocrx_word' id='word_1_241' title='bbox 2533 3585 2839 3672; x_wconf 86' lang='lat' dir='ltr'>diutius</span> <span class='ocrx_word' id='word_1_242' title='bbox 2867 3645 2899 3686; x_wconf 88' lang='lat'>‚</span> <span class='ocrx_word' id='word_1_243' title='bbox 2956 3586 3015 3672; x_wconf 78' lang='lat' dir='ltr'>si</span> <span class='ocrx_word' id='word_1_244' title='bbox 3054 3586 3320 3699; x_wconf 87' lang='lat' dir='ltr'>placet</span> <span class='ocrx_word' id='word_1_245' title='bbox 3340 3641 3369 3682; x_wconf 84' lang='lat'>‚</span> <span class='ocrx_word' id='word_1_246' title='bbox 3426 3590 3511 3670; x_wconf 76' lang='grc' dir='ltr'>δε</span> 
     </span>
     <span class='ocr_line' id='line_1_31' title="bbox 1147 3694 3516 3810; baseline 0 -32"><span class='ocrx_word' id='word_1_247' title='bbox 1147 3695 1323 3778; x_wconf 75' lang='lat' dir='ltr'>&#39;rem</span> <span class='ocrx_word' id='word_1_248' title='bbox 1361 3694 1589 3778; x_wconf 67' lang='lat' dir='ltr'>distu</span> <span class='ocrx_word' id='word_1_249' title='bbox 1630 3723 1791 3779; x_wconf 89' lang='lat' dir='ltr'>non</span> <span class='ocrx_word' id='word_1_250' title='bbox 1832 3699 2357 3810; x_wconf 82' lang='lat' dir='ltr'>incongruam</span> <span class='ocrx_word' id='word_1_251' title='bbox 2403 3699 2776 3783; x_wconf 73' lang='lat' dir='ltr'>invenies.</span> <span class='ocrx_word' id='word_1_252' title='bbox 2833 3702 3115 3809; x_wconf 88' lang='lat' dir='ltr'>Atque</span> <span class='ocrx_word' id='word_1_253' title='bbox 3152 3701 3264 3780; x_wconf 75' lang='lat' dir='ltr'>ita</span> <span class='ocrx_word' id='word_1_254' title='bbox 3288 3694 3516 3780; x_wconf 74' lang='lat' dir='ltr'>vidi-</span> 
     </span>
     <span class='ocr_line' id='line_1_32' title="bbox 1160 3803 3512 3996; baseline -0.001 -105"><span class='ocrx_word' id='word_1_255' title='bbox 1160 3834 1337 3892; x_wconf 82' lang='lat' dir='ltr'>mus</span> <span class='ocrx_word' id='word_1_256' title='bbox 1357 3803 1666 3892; x_wconf 89' lang='lat' dir='ltr'>abunde</span> <span class='ocrx_word' id='word_1_257' title='bbox 1687 3861 1715 3905; x_wconf 88' lang='lat'>‚</span> <span class='ocrx_word' id='word_1_258' title='bbox 1774 3810 2007 3918; x_wconf 91' lang='lat' dir='ltr'>quod</span> <span class='ocrx_word' id='word_1_259' title='bbox 2026 3807 2595 3932; x_wconf 35' lang='lat' dir='ltr'>haec‘spntentia</span> <span class='ocrx_word' id='word_1_260' title='bbox 2610 3806 2748 3893; x_wconf 67' lang='grc' dir='ltr'>πὲὶ</span> <span class='ocrx_word' id='word_1_261' title='bbox 2771 3813 2821 3893; x_wconf 72' lang='lat'>“2²</span> <span class='ocrx_word' id='word_1_262' title='bbox 2845 3826 3039 3909; x_wconf 66' lang='lat' dir='ltr'>&#39;mm</span> <span class='ocrx_word' id='word_1_263' title='bbox 3066 3824 3244 3902; x_wconf 57' lang='lat' dir='ltr'>”mro</span> <span class='ocrx_word' id='word_1_264' title='bbox 3281 3819 3512 3996; x_wconf 52' lang='grc' dir='ltr'><strong><em>Πνῗίν</em></strong></span> 
     </span>
     <span class='ocr_line' id='line_1_33' title="bbox 1181 3938 3513 3994; baseline -0.002 4"><span class='ocrx_word' id='word_1_265' title='bbox 1181 3949 1192 3964; x_wconf 71' lang='lat'><em>,</em></span> <span class='ocrx_word' id='word_1_266' title='bbox 1657 3953 1668 3961; x_wconf 92' lang='lat'>·</span> <span class='ocrx_word' id='word_1_267' title='bbox 1939 3947 1954 3956; x_wconf 83' lang='lat'><strong>·</strong></span> <span class='ocrx_word' id='word_1_268' title='bbox 3469 3938 3513 3994; x_wconf 83' lang='lat' dir='ltr'>e</span> 
     </span>
    </p>
   </div>
  </div>
 </body>
</html>
