3931 4906
1198 641 1771 751 :Reverendo
1819 651 2164 752 Patrue
2190 717 2220 765 ‚
2255 728 2262 735 .
2291 674 2495 744 tum
2517 638 2807 743 verba
2831 636 3072 739 mihi
3091 635 3340 738 deest
3345 674 3396 738 e
3417 637 3558 741 fa-

1000 786 1006 793 ’
1076 904 1077 907 ¹
1190 813 1472 919 3teor,
1543 779 1884 925 quibus
1928 820 2133 882 rem
2161 780 2747 887 clarisfimam
2770 790 3160 882 reeceex
3233 779 3549 882 licem.

1186 929 1375 1045 ,Me
1422 958 1657 1043 vero
1700 922 1796 1022 id
1837 914 2140 1059 magis
2184 923 2701 1025 sollicitum
2745 956 2993 1021 nunc
3020 916 3148 1051 ha
3219 949 3366 1038 et,
3433 955 3555 1021 ne

1186 1059 1395 1185 ‚hoc
1462 1098 1703 1198 aegre
1772 1061 2016 1163 feras
2047 1137 2075 1183 ,
2165 1062 2432 1218 quod
2474 1058 2939 1161 uberioris
2986 1092 3270 1201 atque
3314 1052 3556 1157 libe-

1197 1206 1474 1303 rioris
1562 1207 2101 1337 argumenti
2172 1209 2525 1342 leripto
2595 1236 2948 1301 nomen
3013 1232 3294 1301 tuum
3356 1232 3556 1301 non

1186 1330 1769 1477 'praefixerim
1798 1416 1827 1460 ,
1917 1338 2114 1440 hoc
2181 1347 2438 1440 enim
2483 1338 2873 1479 praesens
2921 1339 3217 1440 levius
3266 1344 3552 1480 atque

1200 1476 1602 1613 sterilius
1666 1470 1861 1605 esse
1892 1484 2250 1615 magis,
2318 1515 2608 1621 quam
2656 1514 2839 1614 ego
2883 1478 3286 1599 vellem,
3353 1513 3551 1579 non

1199 1618 1644 1775 diffiteofi.
1715 1623 1869 1753 Sic
1918 1613 2581 1742 est‚·Patrue‚
2651 1651 2814 1720 tua
2857 1621 3547 1741 inmemerita,
3673 1726 3678 1730 ⁴

1195 1787 1410 1891 tuus
1456 1785 1687 1894 erga
1718 1793 1878 1861 me
1926 1795 2198 1893 amor
2244 1746 2338 1860 δε
2374 1754 2786 1861 studium
2812 1756 3052 1859 nihil
3080 1751 3550 1858 redhosti-

1088 2002 1095 2007 ,
1193 1905 1491 1997 menti
1518 1899 1743 1998 loco
1767 1893 2247 2039 postulant
2271 1975 2299 2021 ,
2337 1897 2503 1998 nifi
2529 1900 2792 2039 quod
2820 1933 2874 1999 a
2894 1933 3049 1997 me
3076 1893 3549 2037 proficisci

1189 2034 1463 2178 poffit
1508 2044 2044 2178 optimum..
2096 2045 2435 2180 Quam
2481 2045 2893 2176 primum
2921 2042 3041 2134 ¹in
3084 2034 3548 2137 familiam

1192 2175 1732 2279 Reverendi
1757 2183 2102 2281 Fratris
2136 2188 2330 2301 tui,
2400 2184 2591 2276 mei
2622 2211 2873 2278 nuno
2899 2180 3275 2295 Soceri,
3343 2183 3547 2279 Tui

1189 2308 1570 2458 meique
1614 2314 2205 2417 ama-ntisfimi
2232 2391 2262 2439 ,
2331 2316 2730 2417 adscitus
2755 2317 2950 2417 sum
2980 2354 3018 2436 ,'
3079 2345 3361 2457 atque
3386 2321 3546 2418 Te

1192 2453 1434 2555 mihi
1477 2453 2038 2556 familiarius
2081 2457 2411 2557 datum
2437 2455 2623 2556 fuit
2645 2457 3280 2596 compellare,
3349 2492 3545 2558 non

1158 2589 1600 2695 dilexisti
1646 2593 1970 2696 herele
2013 2595 2172 2696 sed
2213 2591 2543 2697 amasti
2587 2631 2741 2697 me
2775 2672 2803 2718 ,
2871 2630 3270 2735 eamque
3295 2592 3542 2694 mihi

1189 2723 1706 2836 voluntatis
1774 2767 1955 2840 tuae
2016 2727 2240 2873 erga
2303 2771 2459 2837 me
2505 2732 3231 2876 propensionem
3277 2739 3543 2862 ornni

1190 2908 1625 3014 tempore
1688 2882 2143 3020 omnique
2182 2878 2442 2978 'loco
2503 2871 3039 3012 fignificasti
3087 2949 3117 2997 ,
3206 2907 3317 2974 ut
3375 2884 3572 3006 Tu,

1152 3024 1467 3140 Pater
1491 3028 1685 3115 nou
1716 3024 2107 3118 Patruus
2146 3090 2174 3135 ‚
2227 3051 2534 3170 neque
2557 3016 2799 3144 adeo
2830 3025 3225 3118 Patruus
3252 3051 3540 3157 quam

1176 3163 1543 3294 amicus
1589 3154 2015 3258 viderere
2042 3158 2708 3258 amicisslmus.·
2765 3155 3194 3295 Quando
3220 3187 3537 3258 autem

1183 3334 1405 3433 ¹eum
1456 3302 1777 3395 animo
1814 3332 2044 3416 meo
2090 3295 2576 3436 perpendo
2604 3372 2632 3418 ‚
2699 3294 2943 3396 nihil
2989 3302 3088 3394 in
3118 3330 3273 3394 me
3302 3290 3534 3413 effe,

1183 3433 1447 3576 quod
1491 3469 1644 3530 me
1669 3435 2048 3537 alterius
2077 3471 2404 3538 amore
2428 3435 2824 3568 dignum
2851 3431 3087 3532 facit
3110 3506 3139 3553 ‚
3199 3466 3536 3574 praetet
3621 3517 3630 3526 .

1184 3571 1334 3693 id,
1403 3572 1667 3715 quod
1714 3579 1812 3672 in
1854 3573 2289 3712 plurimis
2334 3575 2542 3674 aliis
2589 3570 3138 3674 hominibus
3183 3609 3284 3673 re
3355 3581 3535 3690 eri-

1183 3743 1335 3814 tur
1384 3787 1411 3834 ,
1493 3729 1715 3810 'non
1781 3707 2150 3850 poffum
2209 3718 2410 3818 Tui
2455 3707 2734 3848 hujus
2785 3747 3010 3851 erga
3051 3750 3208 3813 me
3252 3612 3530 3815 AEudii

1178 3853 1463 3958 aliam
1511 3855 1981 4000 originem
2026 3851 2525 3994 detegere,
2591 3889 2878 3996 quam
2903 3854 3363 3964 luminam
3387 3860 3530 3954 in-

3129 4021 3138 4028 ’
3279 3977 3526 4095 dolis
