3931 4906
1158 592 1373 699 satis
1402 594 1755 743 ingenii
1781 618 2068 730 atque
2091 584 2488 687 solertim
2513 579 2701 708 est‘,
2760 618 2870 687 ut
2891 588 3196 689 invito
3217 586 3512 689 etiam

1162 732 1342 837 tibi
1388 724 2087 868 reiponfionern
2131 731 2228 824 vi
2269 723 2685 867 quadam
2704 759 3269 871 extorqueat
3301 802 3329 848 ‚
3375 748 3522 826 te]-

1235 906 1353 971 ue
1400 866 1793 970 obtorto
1838 866 2102 968 collo
2147 860 2266 966 ad
2309 864 2678 966 causam
2727 895 2987 967 tuam
3026 869 3520 967 vindicanss·

1235 1046 1386 1111 am
1412 1013 1759 1149 rapiat,
1811 1004 1967 1107 sed
1993 1038 2299 1145 neque
2321 1004 2421 1106 id
2442 1002 2718 1106 nobis
2742 1007 3214 1149 speramus
3241 1040 3527 1106 even-

1169 1183 1483 1253 turum
1511 1222 1543 1268 ‚
1611 1182 1918 1289 neque
1945 1143 2020 1246 fi'
2043 1151 2422 1245 eveniat
2444 1217 2472 1263 ‚
2519 1152 3033 1290 quicquam
3058 1146 3518 1249 faciemus

1168 1289 1645 1428 reliquum
1687 1291 1789 1384 in
1832 1282 2434 1422 explorandis
2457 1278 2796 1384 nostris
2816 1284 3181 1387 viribus
3205 1285 3322 1386 ad
3348 1318 3521 1384 nos

1168 1427 1416 1567 ipsos
1459 1422 1645 1523 hac
1687 1428 1788 1522 in
1832 1451 2098 1560 parte
2136 1420 2746 1561 superandOS.
2819 1432 3064 1526 Non
3089 1421 3526 1562 cupimus

1170 1560 1490 1668 nostra
1538 1566 2051 1703 scriptione
2091 1561 2459 1667 'mundo
2500 1558 2878 1661 molesti
2904 1557 3086 1661 effe
3111 1638 3146 1684 ‚
3207 1595 3526 1704 neque

1173 1711 1651 1847 patiemur
1671 1708 1958 1802 etiam
1986 1777 2015 1838 2
2078 1732 2186 1801 ut
2211 1704 2446 1803 alius
2471 1707 2775 1846 quivis
2808 1708 3004 1803 non
3025 1733 3412 1838 rogatus
3437 1702 3528 1802 se

1178 1873 1746 1985 perpetuum
1806 1847 2265 1980 temporis
2308 1837 2941 1986 laborumque
2985 1843 3566 1943 nostrorum.

1176 1983 1680 2083 dominum
1714 1977 2226 2082 constituat
2248 2054 2277 2102 ‚
2304 1983 2567 2123 quod
2597 1977 2867 2083 fieret
2888 2015 3435 2124 utrumque,
3462 1978 3528 2081 si

1177 2128 1576 2223 veritate
1616 2123 1827 2223 satis
1871 2117 2355 2221 declarata
2378 2128 2674 2218 cuivis
2701 2123 3018 2221 inutili
3046 2126 3535 2259 exceptio-

1179 2267 1280 2362 ni
1347 2260 1791 2398 deinceps
1858 2254 2084 2358 effet
2139 2256 2930 2362 satisfaciendum.
3051 2269 3536 2362 Caeterum

1184 2398 1435 2501 hanc
1496 2395 1741 2497 mihi
1805 2406 1908 2498 in
1947 2393 2446 2498 scribendo
2492 2393 2770 2499 statui
2811 2398 3180 2536 legem,
3252 2406 3386 2502 ita
3425 2428 3536 2500 ut

1185 2536 1690 2654 scriberem
1737 2567 1962 2657 ,0ut
2023 2572 2082 2637 a
2143 2534 2540 2639 vocibus
2613 2539 3060 2641 omnibus
3106 2543 3539 2640 contem-

1150 2709 1403 2819 ‚ptus
1450 2711 1731 2820 atque
1775 2671 2395 2778 immodestiae
2435 2677 2677 2781 mihi
2722 2678 3044 2800 sedulo
3071 2713 3538 2820 tempera—

1188 2853 1449 2938 rem5
1512 2823 1906 2946 intuitus
1952 2891 1983 2938 ,
2075 2851 2271 2917 non
2316 2850 2514 2919 tam
2559 2819 2790 2962 quid
2835 2821 2994 2921 alii
3042 2818 3396 2920 faciant
3439 2824 3537 2920 in

1159 2956 1805 3096 disputando,
1896 2991 2183 3099 quarn
2248 2958 2480 3098 quid
2530 2995 2755 3060 meo
2796 2959 3158 3093 judicio
3203 2993 3360 3060 me
3402 2958 3544 3060 fa-
3677 3025 3688 3034 -

1186 3131 1407 3196 cere
1428 3132 1599 3236 par
1622 3127 1864 3198 erat..
1927 3105 2154 3196 Hoc
2179 3104 2350 3198 Tu
2372 3097 2797 3200 laudabis
2823 3096 3072 3226 scio‚'
3142 3106 3308 3244 qui
3334 3136 3546 3198 om-

1028 3362 1039 3372 ·
1188 3243 1291 3338 ni
1334 3241 1532 3337 vita
1575 3266 1736 3338 tua
1778 3232 1976 3335 hoc
2004 3232 2336 3336 dedisti
2365 3273 2755 3379 operam
2783 3315 2811 3362 ,
2880 3270 2990 3339 ut
3014 3238 3262 3342 hanc
3285 3246 3540 3365 viam
3620 3265 3629 3273 ’

1050 3367 1060 3376 ’
1194 3376 1409 3478 aliis
1454 3384 1877 3512 praeires:
1950 3373 2119 3476 etfi
2162 3372 2406 3513 justa
2451 3384 2743 3477 animi
2796 3386 2987 3477 mei
3012 3381 3552 3518 indignatio-

1194 3514 1458 3652 saepe‘
1524 3515 1842 3614 effecit
1886 3591 1914 3637 ,
2025 3548 2134 3617 ut
2209 3539 2633 3617 mentem
2696 3553 3014 3621 meam
3073 3523 3316 3623 serio
3388 3531 3551 3624 εις-ὲ
3671 3576 3692 3587 ·

1194 3646 1708 3794 pfefferim.
3503 3767 3513 3777 ,

1290 3973 1301 3990 ι
1343 3791 1525 3973 Sed
1587 3829 1791 3937 quo
1844 3796 2227 3900 tandem
2285 3804 2491 3964 jure
2534 3800 3101 3970 Venerande
3149 3811 3548 4046 Pafrnieb}
